2466 3870
360 264 571 366 Deartis‘im
607 306 1024 403 (σεσαρυῖα-Πισαῖοι
1157 304 1203 385 23

188 471 316 554 φρύγια
343 477 516 540 καλοῦσιν.
551 468 693 554 μάλιστα
720 453 787 552 μὲν
808 465 1104 544 είώθασινούτοις
1120 454 1202 532 ύποᾸ
1225 466 1232 479 ”

189 576 371 661 λαμβάνειν
403 577 479 662 περί
511 587 579 641 τῶν
611 579 800 640 πολιτειῶν·
831 573 1055 661 ἀληθέστερον
1083 570 1120 638 δὲ
1147 571 1201 638 καί

189 681 320 765 βέλτιον
349 686 393 761 ὡς
419 683 513 766 ἡμεῖς
534 679 717 766 διείλομεν,
745 683 843 746 δυοῖν
871 678 891 763 ἣ
918 695 995 764 μιᾶς
1019 682 1121 765 οὔσης
1144 688 1202 764 τῆς

189 795 295 868 καλῶς
318 791 559 870 συνεστηκυίας
581 789 639 864 τὰς
662 790 764 862 ἀλλας
786 783 872 852 εἶναι
896 789 1122 871 παρεκβάσεις,
1144 787 1201 863 τάς

163 923 177 964 ι
189 893 249 980 μὲν
276 906 333 978 τῆς
356 889 394 959 εὖ
417 894 618 979 κεκραμένης
644 893 819 979 ἁρμονίας,
846 894 904 968 τὰς
927 889 964 958 δὲ
987 902 1045 975 τῆς
1067 891 1201 976 ἀρίστης

189 1004 365 1084 πολιτείας,
379 1000 590 1086 ὀλιγαρχικὰς
605 997 667 1083 μὲν
681 1001 739 1075 τὰς
753 997 1000 1082 συντονωτέρας
1014 996 1068 1063 καὶ
1083 999 1200 1062 δεσπο-

190 1106 380 1192 τικωτέρας,
411 1109 469 1185 τὰς
496 1106 526 1171 δ’
558 1104 734 1188 ἀνειμένας
760 1103 815 1169 καὶ
842 1105 989 1188 μαλακὰς
1015 1104 1200 1188 δημοτικάς.

256 1280 337 1371 (22.)
356 1280 446 1348 VIII.
465 1306 495 1367 p.
512 1281 650 1347 1339·¹¹.
675 1279 762 1367 Περὶ
781 1276 818 1346 δὲ
840 1289 1031 1364 μουσικῆς
1049 1283 1121 1346 ἔνια
1140 1277 1232 1365 μὲνη

191 1389 436 1474 διηπορήσαμεν
457 1397 501 1477 τῷ
521 1393 607 1476 λόγῳ
626 1387 681 1453 καὶ
700 1389 877 1472 πρότερον,
894 1392 1002 1462 καλῶς
1018 1385 1046 1450 δ’
1066 1388 1131 1470 ἔχει
1145 1385 1232 1474 καίμ

154 1525 179 1566 10
189 1503 253 1560 νῦν
266 1495 496 1578 ἀναλαβόντας
509 1494 592 1559 αὐτά
606 1505 820 1577 προαγαγεῖν,
834 1495 889 1558 ἵνα
904 1492 1012 1577 ὥσπερ
1025 1490 1202 1577 ἐνδόσιμον

190 1598 321 1685 γένηται
345 1611 416 1678 τοῖς
439 1602 561 1684 λόγοις,
583 1599 643 1676 οὓς
661 1601 706 1666 ἀν
724 1624 774 1676 τις
793 1605 916 1664 εἴπειεν
934 1598 1202 1683 ἀποφαινόμενος

190 1705 263 1792 περὶ
277 1707 387 1792 αὐτῆς.
408 1707 485 1774 οὔτε
499 1709 562 1793 γὰρ
572 1710 647 1773 τίνα
657 1709 723 1791 ἔχει
734 1707 879 1791 δύναμιν
889 1704 1008 1792 ῥᾴδιον
1016 1703 1092 1791 περὶ
1102 1705 1202 1788 αὐτῆς

191 1813 323 1896 διελεῖν,
347 1814 424 1878 οὔτε
446 1816 538 1889 τίνος
562 1815 614 1878 δεῖ
635 1812 734 1899 χάριν
757 1810 904 1897 μετέχειν
927 1813 1039 1896 αὐτῆς,
1061 1814 1201 1898 πότερον

190 1920 349 1997 παιδιᾶς
375 1918 472 1984 ἕνεκα
498 1918 554 1984 καὶ
581 1919 813 2003 ἀναπαύσεως,
839 1918 990 2003 καθάπερ
1013 1918 1123 1985 ὕπνου
1145 1916 1200 1983 καὶ

154 2054 178 2096 ιι
189 2023 305 2109 μέθης·
328 2035 432 2090 ταῦτα
453 2026 517 2110 γάρ
536 2024 611 2090 καθ’
635 2027 718 2091 αὑτά
737 2022 798 2110 μὲν
817 2025 894 2091 οὔτε
912 2036 980 2090 τῶν
999 2028 1200 2110 σπουδαίων,

190 2129 260 2196 ἀλλ’
278 2128 370 2216 ἡδέα,
387 2129 443 2196 καί
464 2131 625 2196 ἀναπαύει
642 2131 816 2217 μέριμναν,
834 2133 878 2208 ὡς
892 2129 997 2216 φησίν
1008 2131 1200 2216 Εὐριπίδης.

190 2237 241 2303 διὸ
272 2237 328 2302 καί
359 2236 537 2303 τάττουσιν
570 2238 675 2321 αὐτὴν
703 2237 759 2303 καὶ
787 2250 930 2324 χρῶνται
960 2252 1041 2304 πᾶσι
1069 2240 1199 2314 τούτοις

189 2342 323 2428 ὁμοίως,
348 2343 443 2432 ύπνςο
468 2343 523 2409 καὶ
546 2343 633 2430 μέθη
656 2343 712 2409 καὶ
734 2355 885 2432 μουσικῇ.
930 2345 1062 2411 τιθέασι
1086 2341 1122 2410 δὲ
1144 2342 1198 2410 καί

189 2451 248 2534 την
261 2452 399 2535 ὄρχησιν
415 2450 452 2516 έν
466 2452 605 2528 τούτοις.
642 2450 662 2534 ἢ
676 2456 804 2536 μᾶλλον
819 2451 947 2536 οἰητέον
961 2453 1043 2537 πρὸς
1057 2451 1232 2538 ἀρετήν(ι

153 2580 219 2626 ιοτι
246 2560 368 2622 τείνειν
395 2558 456 2641 τὴν
483 2559 662 2642 μουσικήν,
695 2557 739 2635 ὡς
767 2557 970 2643 δυναμένην,
1000 2558 1149 2642 καθάπερ
1178 2557 1198 2641 ἡ

190 2664 393 2749 γυμναστικὴ
421 2665 458 2728 τὸ
487 2675 581 2750 σῶμα
606 2667 704 2731 ποιόν
727 2687 760 2730 τι
782 2664 1034 2750 παρασκευάζει,
1060 2663 1198 2748 καλιὴν

189 2771 351 2854 μουσικὴν
379 2771 416 2836 τὸ
443 2765 529 2852 ἦθος
556 2775 655 2836 ποιόν
682 2797 711 2836 τι
741 2780 864 2857 ποιεῖν,
893 2772 1070 2851 ἐθίζουσαν
1098 2774 1197 2837 δύνα·

189 2883 269 2942 σθαι
283 2879 411 2961 χαίρειν
425 2876 546 2961 ὀρθῶς.
583 2876 603 2960 ἢ
620 2880 701 2962 πρὸς
718 2880 916 2961 διαγωγήν
931 2904 962 2942 τι
977 2877 1197 2962 συμβάλλεται

188 2981 242 3048 καὶ
264 2984 347 3068 πρὸς
369 2986 549 3068 φρόνησιν·
573 2982 627 3048 καὶ
653 2987 715 3069 γὰρ
739 2994 836 3050 τοῦτο
860 2989 973 3069 τρίτον
995 2985 1113 3050 θετέον
1131 2998 1197 3050 τῶν

150 3088 376 3174 ιιείρημένων.
427 3091 478 3155 ὅτι
506 3087 567 3175 μὲν
596 3085 658 3156 οὖν
687 3094 741 3156 δεῖ
764 3095 842 3167 τοὺς
869 3090 965 3168 νέους
993 3092 1037 3175 μὴ
1065 3093 1197 3170 παιδιᾶς

187 3194 281 3261 ἕνεκα
303 3198 487 3280 παιδεύειν,
511 3198 572 3263 οὐκ
593 3200 732 3282 ἀδηλον·
757 3200 797 3263 ού
816 3200 878 3283 γάρ
898 3202 1050 3277 παίζουσι
1069 3198 1196 3284 μανθά-

187 3323 313 3380 νοντες·
336 3305 417 3388 μετὰ
445 3305 550 3388 λύπης
578 3307 640 3389 γὰρ
669 3305 689 3388 ἡ
716 3303 869 3390 μάθησις.
915 3305 998 3371 ἀλλὰ
1024 3307 1091 3391 μὴν
1119 3303 1197 3371 οὐδὲ

187 3409 356 3492 διαγωγήν
379 3410 442 3496 [τε]
467 3409 583 3476 παισίν
608 3411 761 3497 ἁρμόττει
784 3412 839 3477 καὶ
863 3425 933 3489 ταῖς
957 3412 1098 3494 ἡλικίαις
1117 3413 1195 3479 ἀπο-

187 3515 318 3581 διδόναι
350 3528 421 3594 ταῖς
453 3520 634 3594 τοιαύταις·
667 3517 785 3583 οὐθενί
813 3522 875 3602 γάρ
904 3520 1013 3584 ἀτελεῖ
1039 3523 1195 3604 προσήκει

257 3678 274 3727 8
294 3673 408 3728 Πιιοίιιίε
427 3675 529 3730 inclusi
548 3677 680 3731 editionis
699 3677 844 3731 Parisinae
863 3693 999 3732 numeros.
