2466 3870
778 126 839 143 m.
1067 132 1189 163 ..-

484 327 489 334 ’
578 338 621 394 Βε
639 353 716 411 τοτε.
1021 345 1028 411 J
1075 333 1080 341 ’
1115 337 1156 402 ll

137 500 261 567 τούτου
297 499 335 567 δὲ
371 500 636 587 μεταβάλλοντος
671 498 728 565 ιιαλ
760 498 780 581 ἡ
817 502 913 584 φωνὴ
949 502 1157 585 μεταβάλλει,

137 610 266 690 μᾶλλον
292 605 354 693 μὲν
382 608 420 675 ίν
446 621 517 685 τοῖς
539 606 695 690 άρῤεσιν,
719 609 893 692 συμβαίνει
916 604 955 672 δὲ
977 608 1078 673 ταάτὸ
1100 604 1156 672 καὶ

139 711 193 778 ἐπὶ
216 725 285 779 τῶν
307 721 467 799 θηλειῶν,
491 710 560 777 ἀλλ’
590 712 807 798 ἀδηλότερον,
829 710 884 777 καί
908 716 1035 795 γίνεται
1058 713 1076 779 δ
1098 738 1157 778 ιια·

138 823 239 887 λυῦσί
267 845 358 898 τινες
390 822 573 902 τραχίζειν,
599 816 645 904 (p.
666 818 745 904 788)
777 820 856 885 ὅταν
883 819 1059 903 ἀνώμαλος
1087 812 1108 904 ᾖ
1135 819 1156 902 ἡ

112 931 247 1011 ιφωυή·
271 928 353 1012 μετά
376 922 413 990 δὲ
435 933 539 989 ταῦτα
561 929 760 991 καθίσταται
779 928 826 1002 είς
843 928 904 1009 τὴν
923 935 980 1010 τῆς
999 924 1157 1008 ἐπιούσης

137 1032 267 1115 ἡλικίας
303 1032 472 1114 βαρύτητα
508 1028 528 1112 ἢ
565 1029 767 1117 ὀξυφωνίαν.
821 1030 1082 1117 ἀφαιρουμένων
1118 1028 1189 1099 δὲι

137 1148 205 1202 τῶν
233 1139 360 1220 ὄρχεων
391 1135 518 1202 ἀνίεται
549 1137 569 1220 ἡ
599 1138 694 1214 τάσις
721 1148 789 1202 τῶν
814 1141 929 1221 πόρων
952 1138 1062 1222 ὥσπερ
1091 1137 1156 1202 ἀπὸ

138 1252 195 1326 της
222 1243 345 1328 χορδῆς
370 1241 427 1308 καὶ
455 1251 516 1308 τοῦ
543 1247 708 1329 στήμονος
735 1242 987 1329 ἀφαιρουμένου
1012 1255 1073 1310 τοῦ
1097 1243 1155 1328 βά-

138 1368 232 1432 ρους·
256 1349 379 1414 τούτου
402 1347 434 1414 δ’
464 1349 642 1435 ἀνιεμέυου
665 1349 721 1415 καὶ
744 1350 764 1433 ἡ
788 1350 871 1435 ἀρχὴ
894 1349 914 1433 ἡ
933 1359 1076 1415 κινοῦσα
1094 1352 1155 1433 τὴν

104 1455 258 1539 ιοφωνὴν
285 1453 435 1519 ἐκλύεται
457 1456 542 1520 ιιατά
564 1456 624 1521 τὸν
647 1457 750 1521 αὐτὸν
773 1459 883 1539 λόγον.
929 1457 985 1521 διά
1007 1452 1070 1541 μὲν
1092 1451 1156 1521 οὖν

139 1560 263 1645 ταύτην
289 1563 350 1645 τὴν
378 1563 489 1627 αἰτίαν
515 1562 556 1626 τά
585 1560 805 1646 ίκτεμνόμενα
827 1561 1023 1647 μεταβάλλει
1047 1565 1096 1640 είς
1118 1564 1155 1627 τὸ

138 1673 228 1752 δηλυ
255 1669 318 1752 τήν
345 1691 379 1734 τε
406 1668 526 1753 φωνην
552 1665 608 1733 καί
635 1669 698 1751 τὴν
725 1669 830 1750 ἀλλην
857 1669 1008 1753 μορφὴν,
1035 1670 1093 1734 διά
1117 1671 1156 1734 τὸ

139 1777 338 1858 συμβαίνειν
360 1775 516 1842 ἀνίεσθαι
539 1777 600 1859 τὴν
623 1775 739 1860 ἀρχὴν,
762 1773 794 1851 ἐξ
813 1768 851 1856 ἧς
868 1773 1008 1859 ὑπάρχει
1027 1783 1072 1861 τῷ
1092 1777 1156 1840 σώ-

140 1903 215 1964 ματι
233 1880 255 1963 ἡ
270 1886 444 1947 συντονία·
464 1880 535 1947 ἀλλ’
555 1883 616 1966 οάχ
631 1882 740 1964 ὥσπερ
755 1877 842 1957 τινὲς
856 1880 1156 1965 ὑπολαμβάνουσιν

104 2011 127 2052 ιι
140 1986 261 2063 αύτούς
279 1991 358 2063 τοὺς
377 1989 486 2073 ὄρχεις
499 1984 585 2053 εἶναι
600 1989 755 2072 σύναμμα
769 1992 902 2053 πολλῶν
916 1988 1040 2073 ἀρχῶν,
1071 1987 1155 2053 ἀλλά

138 2092 253 2177 μικραὶ
284 2093 497 2177 μεταστάσεις
528 2094 682 2180 μεγάλων
710 2096 811 2159 αίτίαι
840 2097 1005 2178 γίνονται,
1037 2095 1079 2159 ού
1107 2093 1152 2158 δι’

140 2197 252 2283 αὑτάς,
275 2198 348 2266 ἀλλ’
376 2200 456 2266 ὅταν
479 2203 647 2287 συμβαίνῃ
671 2200 775 2285 ἀρχὴν
799 2199 1095 2284 συμμεταβάλλειν·
1119 2203 1158 2265 αί

139 2305 203 2389 γὰρ
230 2303 329 2391 ἀρχαὶ
356 2305 491 2390 μεγέθει
520 2302 619 2372 οὖσαι
645 2305 759 2391 μικραὶ
787 2316 826 2390 τῇ
851 2307 992 2390 δυνάμει
1015 2306 1154 2391 μεγάλαι

139 2412 236 2476 είσίν·
265 2421 365 2476 τοῦτο
394 2411 457 2495 γάρ
485 2411 554 2477 ἐστι
582 2414 619 2477 τὸ
648 2412 753 2497 ἀρχὴν
776 2408 875 2495 εἶναι,
903 2415 941 2477 τὸ
966 2413 1071 2495 αὐτὴν
1094 2409 1155 2497 μὲν

102 2518 249 2584 υαίτίαν
278 2513 363 2582 εἶναι
387 2521 536 2602 πολλῶν,
563 2520 684 2602 ταύτης
712 2517 745 2583 δ’
772 2520 853 2583 ἀλλο
879 2520 1014 2583 ἀνωθεν
1037 2517 1154 2604 μηθέν.

209 2628 277 2690 Τοῦ
310 2620 348 2689 δὲ
380 2624 481 2710 φύσει
512 2626 552 2689 τά
581 2622 642 2710 μὲν
670 2635 807 2690 τοιαῦτα
835 2629 1058 2690 συνίστασθαι
1086 2637 1188 2690 τῶνε

138 2728 229 2817 ζῴων
253 2731 337 2797 ὥστε
358 2732 545 2817 βαρύφωνα
563 2726 660 2815 εἶναι,
684 2732 723 2796 τὰ
743 2731 770 2796 δ’
795 2731 983 2816 ὀξύφυωυα,
1007 2733 1154 2816 συμβάλ-

139 2842 227 2903 λεται
250 2836 306 2902 καὶ
330 2836 350 2919 ἡ
376 2840 573 2923 θερμότης
596 2848 657 2903 τοῦ
676 2841 780 2903 τόπου
798 2837 891 2918 καὶὴ
913 2841 1092 2922 ψυχρότης·
1117 2841 1153 2902 τὸ

139 2939 199 3026 μὲν
222 2944 285 3027 γάρ
309 2945 437 3027 θερμὸν
461 2953 591 3028 πνεῦμα
615 2946 670 3009 διὰ
694 2945 861 3027 παχύτητα
884 2957 975 3008 ποιεῖ
995 2946 1154 3029 βαρυφω-

103 3052 226 3133 ωυίαν,
249 3051 287 3114 τὸ
311 3046 348 3113 δὲ
370 3051 501 3135 ψυχρὸν
526 3052 582 3114 διά
605 3053 783 3132 λεπτότητα
807 3051 1013 3115 τούναντίου.
1051 3053 1153 3135 δῆλον

140 3152 176 3220 δὲ
202 3165 302 3220 τοῦτο
330 3154 385 3220 καὶ
414 3155 467 3220 ἐπὶ
496 3167 563 3222 τῶν
591 3157 716 3221 αὐλῶν·
745 3159 780 3221 οί
805 3158 867 3241 γὰρ
891 3157 1083 3243 θερμοτέρῳ
1107 3168 1152 3245 τῷ

140 3264 300 3347 πνεύματι
328 3264 491 3348 χρώμενοι
519 3262 575 3328 καὶ
603 3273 757 3329 τοιοῦτον
786 3263 990 3347 προιέμενοι,
1019 3255 1091 3330 οἷον
1120 3267 1156 3331 οἱ

141 3368 318 3452 αίάζοντες,
337 3372 522 3454 βαρύτερον
541 3370 713 3436 αὐλοῦσιν.
745 3381 802 3453 τῆς
821 3367 857 3435 δὲ
875 3376 1154 3455 τραχυφωνίας
1175 3391 1187 3435 1

140 3481 248 3541 αίτιον
274 3474 330 3541 καί
353 3486 414 3542 τοῦ
438 3481 531 3542 λείαν
555 3471 641 3542 εἶναι
665 3478 725 3559 τὴν
749 3478 867 3560 φωνην
889 3476 944 3541 καὶ
968 3476 1074 3560 πάσης
1097 3487 1154 3561 τῆς

102 3583 293 3666 ωτοιαύτης
321 3583 509 3668 ἀνωμαλίας
535 3585 571 3648 τὸ
595 3587 632 3650 τὸ
656 3587 773 3668 μόριον
795 3583 849 3648 καὶ
874 3586 910 3648 τὸ
937 3586 1082 3668 ὄργανον
1106 3583 1148 3650 δι’

140 3683 181 3754 ού
208 3688 343 3774 φέρεται
372 3689 392 3772 ἡ
421 3693 533 3774 φωνή,
560 3689 580 3773 ἢ
609 3696 711 3777 τραχὺ
741 3690 760 3774 ἢ
791 3698 880 3756 λεῖον
908 3686 992 3756 εἶναι
1022 3690 1041 3776 ἢ
1070 3692 1154 3768 ὅλως
