2466 3870
171 110 198 173 Ε
232 112 328 174 variis
358 110 539 192 disciplinis
568 111 645 173 haec
674 113 705 173 iu
736 112 840 174 codice
866 110 962 193 Noup.
984 110 1028 172 lll
1057 111 1119 172 (32

104 219 207 301 petita
244 224 275 281 et
313 217 382 281 sine
422 217 535 281 ordino
573 220 754 300 conscripta
792 224 875 281 sunt.
940 220 1045 303 agitur
1084 218 1120 280 de

103 326 256 409 rhythmo
291 328 330 407 ἐξ
355 324 466 390 9—15
500 330 532 388 et
567 325 697 390 20-22
733 326 818 407 (novi
851 324 971 408 aliquid
999 325 1122 388 accedit

103 433 137 496 in
167 431 238 518 11),
271 432 310 496 de
343 431 514 497 harmonia
545 433 644 516 1-8‚
675 434 818 517 17-19,
846 433 984 497 23-28.
1036 432 1122 516 quod

103 544 210 604 autem
244 539 357 604 mundi
390 543 548 623 systema,
580 539 632 603 cui
665 543 787 603 veteres
816 539 953 602 musicas
981 539 1121 603 rationes

104 645 326 730 vindicabant,
358 645 393 721 in
419 647 476 725 §1
503 650 536 710 et
564 645 608 709 24
635 650 805 729 tractatur,
838 645 928 711 docet
957 647 1011 730 qui
1040 645 1122 711 hanc

103 753 299 840 farraginem
338 752 503 839 congessit
541 752 576 816 in
612 755 632 833 5
661 754 701 818 16
739 753 849 818 mundi
885 754 1051 818 materiam
1090 760 1121 818 ct

102 863 263 945 naturam,
287 863 320 923 et
339 880 413 924 cum
433 857 586 924 hocloco
606 857 743 923 fortasse
762 858 909 924 cohaeret
928 863 946 941 ξ
962 863 1013 944 26,
1033 863 1122 925 cuius

103 971 332 1054 argumentum
355 989 375 1031 a
397 967 532 1032 musicis
555 966 652 1032 rebus
675 972 724 1032 est
747 967 985 1033 alienissimum.
1023 991 1059 1033 ac
1082 990 1122 1032 ne

103 1097 141 1139 ea
164 1073 295 1159 quidem
318 1095 402 1158 quae
426 1073 464 1138 de
487 1075 611 1140 musica
630 1074 683 1140 hic
702 1074 855 1140 docentur
874 1097 912 1140 ex
932 1097 993 1139 una
1013 1074 1122 1139 schola

104 1180 155 1246 vel
183 1180 354 1265 disciplina
380 1182 485 1266 petita
512 1186 603 1267 sunt,
635 1181 689 1246 sed
718 1205 789 1247 oum
818 1184 983 1248 sententiis
1012 1183 1122 1267 quales

103 1288 343 1374 profitebantur
376 1286 595 1354 Aristoxenus
632 1290 763 1373 eiusque
800 1294 970 1355 sectatores
1007 1288 1121 1377 (veluti

104 1395 170 1461 fere
194 1397 304 1461 omnia
321 1396 409 1460 inter
426 1394 564 1484 4-18),
588 1397 827 1484 coniunguntur
846 1396 1016 1480 doctrinae,
1040 1420 1121 1482 quae

104 1502 332 1569 Eratosthenis
366 1502 417 1568 vel
445 1501 637 1569 Nicomachi
666 1502 733 1591 (19.
758 1506 799 1570 23
823 1502 877 1590 ss.)
910 1504 1056 1569 feruntur
1089 1511 1122 1569 et

104 1610 167 1675 alia
204 1633 286 1695 quae
324 1633 344 1675 a
375 1608 658 1697 Pythagoreorum
695 1611 840 1676 doctrina
876 1611 1024 1676 videntur
1055 1635 1121 1678 non

103 1717 200 1805 longe
224 1717 344 1782 abesse.
392 1740 473 1802 quas
495 1715 689 1783 Aristoteles
713 1722 869 1782 statuerat
892 1718 1121 1784 elementorum

104 1823 301 1912 qualitates¹,
316 1846 369 1890 eas
378 1823 579 1912 Pythagorei
595 1826 780 1890 coniunctas
794 1823 959 1889 harmonia
974 1826 1122 1891 dicebant

104 2009 318 2017 n-m—-v—

178 2133 191 2180 1
213 2127 297 2197 Apud
311 2124 495 2180 Aristotelem
515 2125 550 2180 de
569 2124 649 2180 caelo
669 2126 711 2179 12
731 2125 848 2197 legimus
864 2130 966 2182 terram
980 2129 1122 2198 gravitate

105 2197 237 2252 deorsum
260 2196 379 2267 moveri,
407 2197 503 2268 ignem
528 2196 645 2252 levitate
669 2197 735 2252 ferri
759 2216 874 2254 sursum.
913 2216 1005 2254 aeram
1027 2205 1121 2255 autem

104 2269 165 2339 igni
189 2269 232 2324 ait
255 2286 316 2324 esse
336 2268 472 2338 similem,
496 2286 600 2338 aquam
619 2273 723 2337 tarrae,
743 2273 854 2326 meteor.
875 2271 924 2326 12.
963 2271 1027 2325 aliis
1047 2271 1121 2326 idem

105 2340 175 2396 locis
196 2340 333 2396 discernit
351 2341 507 2410 qualitates
527 2340 613 2394 calidi
633 2341 742 2411 frigidi,
763 2342 829 2397 sicci
848 2343 948 2411 liquidi
968 2344 1066 2410 (veluti
1087 2344 1120 2397 de

105 2417 189 2468 creat,
207 2414 274 2482 112)
297 2417 326 2467 et
350 2417 498 2484 comparat
522 2413 722 2468 elementorum
747 2418 879 2468 naturam
898 2416 953 2468 hoc
969 2416 1079 2476 mods*
1094 2422 1135 2463 a&

104 2485 163 2539 aeri
184 2485 261 2540 dicat
280 2484 382 2556 liquidi
403 2485 468 2560 plus
489 2485 586 2543 inesse
604 2505 695 2560 quam
714 2487 807 2544 calidi
822 2488 975 2558 1111111.
