2466 3870
105 120 148 208 30
396 107 412 175 Ϊ
444 143 464 196 1.
484 133 669 195 Aristoteles(
685 122 720 194 οξ
736 147 778 196 22.

105 306 133 371 δ
159 307 219 371 οὐκ
240 308 331 369 ἔστιν
350 302 368 367 δ
388 302 506 375 αὐλὸς
520 301 641 380 ήθικὸν
657 299 740 364 ἀλλά
754 305 880 383 μᾶλλον
894 301 1115 387 ὀργιαστικόν,

105 413 188 476 ὥστε
216 410 299 493 πρὸς
326 410 405 481 τοὺς
430 406 604 479 τοιούτους
626 404 714 490 αὐτῷ
737 408 873 489 καιροὺς
895 407 1054 489 χρηστέον
1079 407 1115 473 έν

105 507 155 589 οἷς
186 513 206 593 ή
239 513 366 592 θεωρία
394 511 561 592 κάθαρσιν
589 513 714 592 μᾶλλον
742 509 881 573 δύναται
909 509 929 591 ή
956 511 1114 595 μάθησιν.

103 624 306 702 προσθῶμεν
337 613 374 680 δὲ
407 616 458 680 ὅτι
492 613 696 699 συμβέβηκεν
728 613 880 679 ἐναντίον
911 615 999 701 αὐτῷ
1032 619 1115 699 πρὸς

104 725 258 788 παιδείαν
281 720 336 786 καὶ
360 722 397 787 τὸ
420 723 563 787 κωλύειν
586 729 630 810 τῷ
655 723 742 808 λόγῳ
765 726 909 804 χρῆσθαι
932 720 993 803 τήν
1013 721 1114 804 αὐλη-
1142 747 1155 787 ι

104 848 168 893 σιν.
213 830 265 894 διὸ
289 834 397 906 καλῶς
420 829 664 914 ἀπεδοκίμασαν
687 829 790 894 αὐτοῦ
813 828 849 893 οί
869 830 1029 914 πρότερον
1052 828 1114 909 τήν

104 944 222 1020 χρήσιν
246 935 281 999 έκ
304 947 371 1000 τῶν
395 935 481 1001 νέων
503 935 558 1001 καὶ
581 947 648 1001 τῶν
671 934 874 1020 ἐλευθέρων,
901 938 1017 1018 καίπερ
1037 958 1114 1018 χρη-

67 1050 87 1114 3)
104 1043 241 1126 σάμενοι
264 1043 301 1108 τὸ
325 1053 458 1127 πρῶτον
481 1043 579 1130 αὐτῷ.
620 1039 911 1126 σχολαστικώτεροι
934 1043 997 1126 γὰρ
1020 1044 1115 1125 γενό·

102 1172 196 1233 μενοι
234 1150 290 1214 διὰ
326 1151 384 1226 τὰς
421 1151 577 1234 εὐπορίας
613 1146 667 1213 καὶ
699 1151 998 1232 μεγαλοψυχότεροι
1031 1148 1115 1232 πρὸς

103 1256 238 1341 ἀρετήν,
267 1257 314 1319 ἔτι
343 1278 378 1319 τε
401 1258 563 1340 πρότερον
585 1252 640 1317 καλ
662 1255 743 1338 μετά
764 1254 804 1318 τά
828 1254 963 1335 Μηδικὰ
987 1277 1113 1338 φρονη-
1129 1278 1155 1317 ιο

103 1360 320 1445 ματισθέντες
343 1359 378 1425 έκ
401 1371 469 1425 τῶν
492 1362 609 1443 ἔργων,
635 1358 740 1442 πάσης
762 1359 903 1440 ἥπτοντο
926 1361 1115 1443 μαθήσεως,

104 1464 204 1531 οὐδὲν
236 1468 463 1550 διακρίνοντες
495 1463 564 1529 ἀλλ’
599 1463 833 1547 ἐπιζητοῦντες.
883 1464 936 1528 διὸ
967 1462 1023 1528 καὶ
1053 1466 1115 1549 τήν

102 1572 283 1655 αὐλητικήν
314 1573 442 1653 ἤγαγον
473 1571 555 1656 πρὸς
586 1572 644 1645 τὰς
675 1571 844 1654 μαθήσεις.
892 1568 948 1634 καὶ
980 1571 1043 1654 γὰρ
1078 1571 1115 1637 έν

103 1679 331 1761 Λακεδαίμονί
355 1700 405 1752 τις
432 1678 572 1761 χορηγὸς
594 1677 692 1751 αὐτὸς
714 1677 835 1759 ηὔλησε
859 1684 903 1762 τῷ
927 1684 1030 1763 χορῷ,
1058 1676 1114 1741 καὶ

103 1781 178 1865 περὶ
192 1781 337 1864 Ἀθήνας
356 1782 462 1857 οὕτως
480 1779 699 1864 ἐπεχωρίασεν
718 1781 801 1846 ὥστε
815 1782 933 1865 σχεδὸν
947 1782 983 1847 οί
993 1782 1113 1848 πολλοὶ
1128 1807 1154 1845 ιε

103 1898 170 1952 τῶν
185 1887 373 1971 ἐλευθέρων
387 1900 537 1972 μετεῖχον
552 1888 663 1969 αὐτῆς·
683 1889 785 1970 δήλου
799 1885 836 1952 δὲ
851 1887 887 1952 ἐκ
900 1897 960 1952 τοῦ
975 1892 1114 1966 πίνακος

67 2006 87 2068 ι)
105 1993 145 2057 ὃν
163 1992 305 2076 ἀνέθηκε
321 1993 513 2079 Θράσιππος
525 1992 724 2079 Ἐκφαντίδῃ
743 1997 935 2079 χορηγήσας.
971 1994 1113 2077 ὕστερον

103 2098 130 2162 δ’
160 2099 410 2184 ἀπεδοκιμάσθη
435 2102 490 2164 διὰ
513 2109 571 2181 τής
593 2104 706 2183 πείρας
727 2101 836 2182 αὐτῆς,
860 2100 991 2181 βέλτιον
1010 2102 1113 2165 δυνα-

102 2205 212 2289 μένων
235 2211 363 2292 κρίνειν
386 2209 423 2272 τὸ
446 2208 528 2289 πρὸς
551 2204 670 2290 ἀρετήν
693 2205 747 2270 καὶ
771 2209 807 2271 τὸ
830 2208 873 2290 μή
892 2207 973 2289 πρὸς
992 2206 1112 2289 ἀρετὴν

102 2291 288 2377 συντεῖνον.
338 2313 459 2397 ὁμοίως
492 2310 528 2376 δὲ
555 2311 609 2376 καὶ
637 2315 742 2377 πολλὰ
769 2325 835 2376 τῶν
863 2313 1015 2395 ὀργάνων
1043 2326 1112 2379 τῶν
1127 2338 1152 2375 εο

102 2416 259 2502 ἀρχαίων,
279 2411 352 2485 οἷον
367 2421 520 2502 πηκτίδες
533 2417 587 2482 καὶ
603 2420 754 2503 βάρβιτοι
768 2418 822 2484 καὶ
837 2421 875 2484 τὰ
890 2422 971 2504 πρὸς
984 2419 1112 2503 ἡδονήν

103 2526 319 2589 συντείνοντα
346 2538 415 2601 τοῖς
444 2524 603 2589 ἀκούουσι
629 2536 694 2588 τῶν
719 2525 910 2609 χρωμένων,
938 2524 1111 2607 ἑπτάγωνα

101 2627 156 2692 καί
184 2634 329 2714 τρίγωνα
356 2632 411 2696 καὶ
441 2632 484 2716 [p.
511 2629 624 2714 1341b]
650 2635 828 2714 σαμβῦκαι,
856 2630 910 2694 καὶ
937 2633 1043 2695 πάντα
1072 2635 1112 2696 τά

67 2751 87 2815 3)
104 2734 243 2821 δεόμενα
266 2749 495 2824 χειρουργικῆς
519 2738 702 2820 ἐπιστήμης.
744 2739 887 2819 εὐλόγως
910 2737 938 2801 δ’
967 2740 1031 2821 ἔχει
1055 2738 1111 2804 καὶ

101 2849 138 2912 τὸ
157 2846 232 2931 περὶ
251 2858 318 2911 τῶν
333 2847 445 2910 αὐλῶν
459 2846 524 2909 ὑπὸ
541 2856 608 2908 τῶν
623 2843 767 2930 ἀρχαίων
781 2843 1110 2929 μεμυθολογημένον·
1125 2868 1150 2907 25

102 2952 185 3038 φασὶ
214 2954 276 3039 γὰρ
305 2955 346 3035 δή
374 2954 435 3034 τήν
457 2950 605 3033 Ἀθηνᾶν
633 2951 797 3036 εὑροῦσαν
826 2949 1005 3033 ἀποβαλεῖν
1031 2955 1111 3027 τοὺς

102 3060 233 3135 αὐλούς.
280 3060 319 3125 ού
347 3069 454 3134 κακῶς
481 3056 541 3140 μέν
570 3053 632 3121 οὐν
660 3060 724 3141 ἔχει
752 3057 855 3140 φάναι
883 3056 937 3120 καὶ
965 3056 1021 3120 διὰ
1048 3059 1110 3139 τήν

101 3165 336 3250 ἀσχημοσύνην
359 3174 419 3229 τοῦ
438 3165 618 3248 προσώπου
636 3172 734 3228 τοῦτο
752 3173 887 3246 ποιήσαι
907 3163 1109 3245 δυσχεράνα-

102 3291 165 3337 σαν
197 3274 257 3354 τὴν
289 3274 385 3336 θεόν·
414 3271 453 3334 οὐ
481 3271 546 3353 μήν
574 3270 656 3333 ἀλλὰ
685 3275 809 3352 μᾶλλον
838 3272 922 3346 εἰκὸς
950 3269 999 3332 ὅτι
1028 3271 1110 3354 πρὸς

100 3380 161 3462 τήν
185 3379 339 3443 διάνοιαν
363 3376 467 3441 οὐθέν
492 3375 581 3440 ἐστιν
603 3376 623 3457 ἡ
642 3377 773 3439 παιδεία
792 3385 848 3458 τής
867 3377 1045 3458 αὐλήσεως·
1069 3386 1109 3460 τῇ
1124 3399 1149 3438 ω

101 3482 139 3550 δὲ
158 3484 286 3570 Ἀθηνᾷ
308 3485 368 3567 τήν
393 3482 572 3566 ἐπιστήμην
595 3486 805 3565 περιτίθεμεν
828 3482 881 3546 καὶ
905 3485 964 3565 τήν
983 3481 1109 3565 τέχνην.
