<?xml version="1.0" encoding="UTF-8"?>
<!DOCTYPE html PUBLIC "-//W3C//DTD XHTML 1.0 Transitional//EN"
    "http://www.w3.org/TR/xhtml1/DTD/xhtml1-transitional.dtd">
<html xmlns="http://www.w3.org/1999/xhtml" xml:lang="en" lang="en">
 <head>
  <title>
</title>
<meta http-equiv="Content-Type" content="text/html;charset=utf-8" />
  <meta name='ocr-system' content='tesseract 3.04.00' />
  <meta name='ocr-capabilities' content='ocr_page ocr_carea ocr_par ocr_line ocrx_word'/>
</head>
<body>
  <div class='ocr_page' id='page_1' title='image "./musiciscriptore00jangoog_0031.png"; bbox 0 0 2466 3870; ppageno 0'>
   <div class='ocr_carea' id='block_1_1' title="bbox 100 61 959 174">
    <p class='ocr_par' dir='ltr' id='par_1_1' title="bbox 100 61 959 174">
     <span class='ocr_line' id='line_1_1' title="bbox 100 61 959 174; baseline -0.005 -10"><span class='ocrx_word' id='word_1_1' title='bbox 100 108 202 165; x_wconf 81' lang='lat' dir='ltr'>xx1v·</span> <span class='ocrx_word' id='word_1_2' title='bbox 389 61 592 164; x_wconf 70' lang='lat' dir='ltr'>llecodicibus</span> <span class='ocrx_word' id='word_1_3' title='bbox 609 83 816 174; x_wconf 76' lang='lat' dir='ltr'>manuscriptis.</span> <span class='ocrx_word' id='word_1_4' title='bbox 853 85 855 89; x_wconf 13' lang='lat' dir='ltr'>y</span> <span class='ocrx_word' id='word_1_5' title='bbox 958 73 959 76; x_wconf 49' lang='lat'>.</span> 
     </span>
    </p>
   </div>
   <div class='ocr_carea' id='block_1_2' title="bbox 67 272 1123 3530">
    <p class='ocr_par' dir='ltr' id='par_1_2' title="bbox 67 272 1106 353">
     <span class='ocr_line' id='line_1_2' title="bbox 67 272 1106 353; baseline -0.003 -18"><span class='ocrx_word' id='word_1_6' title='bbox 67 296 89 336; x_wconf 77' lang='lat'>[¹.</span> <span class='ocrx_word' id='word_1_7' title='bbox 104 298 169 337; x_wconf 90' lang='lat' dir='ltr'>cum</span> <span class='ocrx_word' id='word_1_8' title='bbox 193 297 272 353; x_wconf 90' lang='lat' dir='ltr'>aqna</span> <span class='ocrx_word' id='word_1_9' title='bbox 294 277 394 335; x_wconf 80' lang='lat' dir='ltr'>infusa</span> <span class='ocrx_word' id='word_1_10' title='bbox 416 278 470 333; x_wconf 84' lang='lat' dir='ltr'>aut</span> <span class='ocrx_word' id='word_1_11' title='bbox 491 273 572 331; x_wconf 90' lang='lat' dir='ltr'>senio</span> <span class='ocrx_word' id='word_1_12' title='bbox 595 272 713 328; x_wconf 73' lang='lat' dir='ltr'>litterae</span> <span class='ocrx_word' id='word_1_13' title='bbox 736 272 920 344; x_wconf 85' lang='lat' dir='ltr'>palluissent.</span> <span class='ocrx_word' id='word_1_14' title='bbox 956 275 1006 332; x_wconf 93' lang='lat' dir='ltr'>ubi</span> <span class='ocrx_word' id='word_1_15' title='bbox 1029 274 1106 332; x_wconf 88' lang='lat' dir='ltr'>enim</span> 
     </span>
    </p>

    <p class='ocr_par' dir='ltr' id='par_1_3' title="bbox 67 356 1109 697">
     <span class='ocr_line' id='line_1_3' title="bbox 67 356 1107 440; baseline -0.005 -15"><span class='ocrx_word' id='word_1_16' title='bbox 67 368 86 434; x_wconf 66' lang='grc' dir='ltr'>ἒ)</span> <span class='ocrx_word' id='word_1_17' title='bbox 102 367 218 425; x_wconf 81' lang='lat' dir='ltr'>macula</span> <span class='ocrx_word' id='word_1_18' title='bbox 242 366 344 440; x_wconf 89' lang='lat' dir='ltr'>aliqua</span> <span class='ocrx_word' id='word_1_19' title='bbox 366 364 499 436; x_wconf 89' lang='lat' dir='ltr'>inspersa</span> <span class='ocrx_word' id='word_1_20' title='bbox 519 358 600 417; x_wconf 88' lang='lat' dir='ltr'>color</span> <span class='ocrx_word' id='word_1_21' title='bbox 617 356 805 415; x_wconf 75' lang='lat' dir='ltr'>membranae</span> <span class='ocrx_word' id='word_1_22' title='bbox 823 359 922 418; x_wconf 85' lang='lat' dir='ltr'>fuscus</span> <span class='ocrx_word' id='word_1_23' title='bbox 939 362 1036 420; x_wconf 87' lang='lat' dir='ltr'>factus</span> <span class='ocrx_word' id='word_1_24' title='bbox 1053 366 1107 436; x_wconf 87' lang='lat' dir='ltr'>est,</span> 
     </span>
     <span class='ocr_line' id='line_1_4' title="bbox 102 445 1108 530; baseline -0.004 -18"><span class='ocrx_word' id='word_1_25' title='bbox 102 455 143 511; x_wconf 91' lang='lat' dir='ltr'>ibi</span> <span class='ocrx_word' id='word_1_26' title='bbox 162 454 339 530; x_wconf 84' lang='lat' dir='ltr'>nigerrimae</span> <span class='ocrx_word' id='word_1_27' title='bbox 358 447 502 506; x_wconf 87' lang='lat' dir='ltr'>eiusmodi</span> <span class='ocrx_word' id='word_1_28' title='bbox 520 446 639 503; x_wconf 87' lang='lat' dir='ltr'>litterae</span> <span class='ocrx_word' id='word_1_29' title='bbox 658 445 769 521; x_wconf 88' lang='lat' dir='ltr'>legenti</span> <span class='ocrx_word' id='word_1_30' title='bbox 783 452 946 504; x_wconf 86' lang='lat' dir='ltr'>occurrunt.</span> <span class='ocrx_word' id='word_1_31' title='bbox 971 451 1108 507; x_wconf 84' lang='lat' dir='ltr'>avetcri-</span> 
     </span>
     <span class='ocr_line' id='line_1_5' title="bbox 102 532 1109 610; baseline -0.006 -10"><span class='ocrx_word' id='word_1_32' title='bbox 102 543 156 600; x_wconf 87' lang='lat' dir='ltr'>bus</span> <span class='ocrx_word' id='word_1_33' title='bbox 180 544 279 598; x_wconf 89' lang='lat' dir='ltr'>autem</span> <span class='ocrx_word' id='word_1_34' title='bbox 303 536 406 594; x_wconf 86' lang='lat' dir='ltr'>formis</span> <span class='ocrx_word' id='word_1_35' title='bbox 429 553 495 592; x_wconf 91' lang='lat' dir='ltr'>cum</span> <span class='ocrx_word' id='word_1_36' title='bbox 516 533 571 591; x_wconf 90' lang='lat' dir='ltr'>illa</span> <span class='ocrx_word' id='word_1_37' title='bbox 593 551 653 590; x_wconf 92' lang='lat' dir='ltr'>non</span> <span class='ocrx_word' id='word_1_38' title='bbox 676 532 791 590; x_wconf 84' lang='lat' dir='ltr'>differre</span> <span class='ocrx_word' id='word_1_39' title='bbox 813 534 1001 593; x_wconf 87' lang='lat' dir='ltr'>manifestum</span> <span class='ocrx_word' id='word_1_40' title='bbox 1024 541 1109 610; x_wconf 86' lang='lat' dir='ltr'>esset,</span> 
     </span>
     <span class='ocr_line' id='line_1_6' title="bbox 104 621 963 697; baseline -0.009 -11"><span class='ocrx_word' id='word_1_41' title='bbox 104 629 263 686; x_wconf 86' lang='lat' dir='ltr'>lectionum</span> <span class='ocrx_word' id='word_1_42' title='bbox 287 626 465 697; x_wconf 86' lang='lat' dir='ltr'>apparatum</span> <span class='ocrx_word' id='word_1_43' title='bbox 488 621 622 679; x_wconf 89' lang='lat' dir='ltr'>minutiis</span> <span class='ocrx_word' id='word_1_44' title='bbox 645 621 711 679; x_wconf 86' lang='lat' dir='ltr'>istis</span> <span class='ocrx_word' id='word_1_45' title='bbox 734 640 791 679; x_wconf 94' lang='lat' dir='ltr'>non</span> <span class='ocrx_word' id='word_1_46' title='bbox 815 621 963 696; x_wconf 85' lang='lat' dir='ltr'>impedivi.</span> 
     </span>
    </p>

    <p class='ocr_par' dir='ltr' id='par_1_4' title="bbox 104 710 1109 874">
     <span class='ocr_line' id='line_1_7' title="bbox 169 710 1109 788; baseline -0.003 -19"><span class='ocrx_word' id='word_1_47' title='bbox 169 713 321 769; x_wconf 85' lang='lat' dir='ltr'>Postremo</span> <span class='ocrx_word' id='word_1_48' title='bbox 341 711 490 786; x_wconf 85' lang='lat' dir='ltr'>Anonymi</span> <span class='ocrx_word' id='word_1_49' title='bbox 513 714 672 787; x_wconf 89' lang='lat' dir='ltr'>praecepta</span> <span class='ocrx_word' id='word_1_50' title='bbox 694 711 724 768; x_wconf 90' lang='lat' dir='ltr'>in</span> <span class='ocrx_word' id='word_1_51' title='bbox 745 711 876 788; x_wconf 76' lang='lat' dir='ltr'>margine</span> <span class='ocrx_word' id='word_1_52' title='bbox 896 710 1038 785; x_wconf 84' lang='lat' dir='ltr'>inscripta</span> <span class='ocrx_word' id='word_1_53' title='bbox 1056 729 1109 767; x_wconf 94' lang='lat' dir='ltr'>nec</span> 
     </span>
     <span class='ocr_line' id='line_1_8' title="bbox 104 803 549 874; baseline -0.002 -16"><span class='ocrx_word' id='word_1_54' title='bbox 104 820 122 858; x_wconf 86' lang='lat' dir='ltr'>a</span> <span class='ocrx_word' id='word_1_55' title='bbox 146 818 295 874; x_wconf 84' lang='lat' dir='ltr'>quoquam</span> <span class='ocrx_word' id='word_1_56' title='bbox 319 803 451 859; x_wconf 87' lang='lat' dir='ltr'>correcta</span> <span class='ocrx_word' id='word_1_57' title='bbox 474 804 549 859; x_wconf 90' lang='lat' dir='ltr'>sunt.</span> 
     </span>
    </p>

    <p class='ocr_par' dir='ltr' id='par_1_5' title="bbox 67 880 1112 2200">
     <span class='ocr_line' id='line_1_9' title="bbox 67 880 1109 967; baseline -0.003 -21"><span class='ocrx_word' id='word_1_58' title='bbox 67 907 91 947; x_wconf 88' lang='grc'>1.</span> <span class='ocrx_word' id='word_1_59' title='bbox 172 887 199 942; x_wconf 85' lang='lat' dir='ltr'>V</span> <span class='ocrx_word' id='word_1_60' title='bbox 227 893 258 945; x_wconf 87' lang='lat' dir='ltr'>et</span> <span class='ocrx_word' id='word_1_61' title='bbox 285 888 322 944; x_wconf 93' lang='lat' dir='ltr'>W</span> <span class='ocrx_word' id='word_1_62' title='bbox 350 893 396 948; x_wconf 88' lang='lat' dir='ltr'>est</span> <span class='ocrx_word' id='word_1_63' title='bbox 418 888 580 948; x_wconf 89' lang='lat' dir='ltr'>Vaticanus</span> <span class='ocrx_word' id='word_1_64' title='bbox 606 892 676 948; x_wconf 84' lang='lat'>191.</span> <span class='ocrx_word' id='word_1_65' title='bbox 713 888 845 963; x_wconf 88' lang='lat' dir='ltr'>bombyc.</span> <span class='ocrx_word' id='word_1_66' title='bbox 870 889 919 947; x_wconf 88' lang='lat' dir='ltr'>fol.</span> <span class='ocrx_word' id='word_1_67' title='bbox 971 889 998 946; x_wconf 89' lang='lat' dir='ltr'>S.</span> <span class='ocrx_word' id='word_1_68' title='bbox 1024 880 1109 967; x_wconf 88' lang='lat' dir='ltr'>(XIII</span> 
     </span>
     <span class='ocr_line' id='line_1_10' title="bbox 67 970 1112 1056; baseline -0.002 -22"><span class='ocrx_word' id='word_1_69' title='bbox 67 978 90 1044; x_wconf 75' lang='grc'>3)</span> <span class='ocrx_word' id='word_1_70' title='bbox 105 970 172 1056; x_wconf 83' lang='lat' dir='ltr'>aut)</span> <span class='ocrx_word' id='word_1_71' title='bbox 186 977 264 1035; x_wconf 88' lang='lat' dir='ltr'>XIV.</span> <span class='ocrx_word' id='word_1_72' title='bbox 284 982 353 1053; x_wconf 88' lang='lat' dir='ltr'>post</span> <span class='ocrx_word' id='word_1_73' title='bbox 366 978 642 1036; x_wconf 72' lang='lat' dir='ltr'>mathematicorum</span> <span class='ocrx_word' id='word_1_74' title='bbox 659 978 842 1051; x_wconf 90' lang='lat' dir='ltr'>aliorumque</span> <span class='ocrx_word' id='word_1_75' title='bbox 857 978 968 1051; x_wconf 86' lang='lat' dir='ltr'>scripta</span> <span class='ocrx_word' id='word_1_76' title='bbox 981 977 1112 1035; x_wconf 86' lang='lat' dir='ltr'>continet</span> 
     </span>
     <span class='ocr_line' id='line_1_11' title="bbox 217 1065 671 1143; baseline -0.004 -19"><span class='ocrx_word' id='word_1_77' title='bbox 217 1065 366 1124; x_wconf 79' lang='lat' dir='ltr'>Gaudenti</span> <span class='ocrx_word' id='word_1_78' title='bbox 388 1067 531 1143; x_wconf 80' lang='lat' dir='ltr'>isagogen</span> <span class='ocrx_word' id='word_1_79' title='bbox 553 1065 573 1122; x_wconf 75' lang='lat' dir='ltr'>i</span> <span class='ocrx_word' id='word_1_80' title='bbox 594 1067 671 1138; x_wconf 88' lang='grc'><strong>287,</strong></span> 
     </span>
     <span class='ocr_line' id='line_1_12' title="bbox 216 1145 781 1233; baseline -0.004 -22"><span class='ocrx_word' id='word_1_81' title='bbox 216 1154 370 1212; x_wconf 82' lang='lat' dir='ltr'>Euclidem</span> <span class='ocrx_word' id='word_1_82' title='bbox 394 1146 430 1232; x_wconf 91' lang='lat' dir='ltr'>(s.</span> <span class='ocrx_word' id='word_1_83' title='bbox 455 1145 639 1233; x_wconf 84' lang='lat' dir='ltr'>Cleonidem)</span> <span class='ocrx_word' id='word_1_84' title='bbox 663 1154 682 1209; x_wconf 85' lang='lat' dir='ltr'>f.</span> <span class='ocrx_word' id='word_1_85' title='bbox 704 1154 781 1225; x_wconf 86' lang='grc'><strong>292,</strong></span> 
     </span>
     <span class='ocr_line' id='line_1_13' title="bbox 217 1240 654 1315; baseline 0.002 -17"><span class='ocrx_word' id='word_1_86' title='bbox 217 1241 349 1299; x_wconf 84' lang='lat' dir='ltr'>Euclidis</span> <span class='ocrx_word' id='word_1_87' title='bbox 372 1259 514 1299; x_wconf 85' lang='lat' dir='ltr'>canonem</span> <span class='ocrx_word' id='word_1_88' title='bbox 536 1240 654 1315; x_wconf 76' lang='lat'>1295,</span> 
     </span>
     <span class='ocr_line' id='line_1_14' title="bbox 216 1328 641 1405; baseline 0.002 -18"><span class='ocrx_word' id='word_1_89' title='bbox 216 1328 385 1387; x_wconf 83' lang='lat' dir='ltr'>Aristoxeni</span> <span class='ocrx_word' id='word_1_90' title='bbox 408 1329 500 1386; x_wconf 87' lang='lat' dir='ltr'>harm.</span> <span class='ocrx_word' id='word_1_91' title='bbox 523 1328 543 1386; x_wconf 87' lang='lat' dir='ltr'>f.</span> <span class='ocrx_word' id='word_1_92' title='bbox 563 1330 641 1405; x_wconf 81' lang='lat'>297,</span> 
     </span>
     <span class='ocr_line' id='line_1_15' title="bbox 218 1417 590 1493; baseline 0.011 -19"><span class='ocrx_word' id='word_1_93' title='bbox 218 1418 310 1493; x_wconf 89' lang='lat' dir='ltr'>Alypi</span> <span class='ocrx_word' id='word_1_94' title='bbox 333 1417 452 1476; x_wconf 86' lang='lat' dir='ltr'>tabulas</span> <span class='ocrx_word' id='word_1_95' title='bbox 473 1417 493 1476; x_wconf 85' lang='lat' dir='ltr'>f.</span> <span class='ocrx_word' id='word_1_96' title='bbox 514 1419 590 1493; x_wconf 81' lang='lat'>309,</span> 
     </span>
     <span class='ocr_line' id='line_1_16' title="bbox 218 1505 681 1582; baseline 0.002 -19"><span class='ocrx_word' id='word_1_97' title='bbox 218 1505 388 1564; x_wconf 79' lang='lat' dir='ltr'>Aristoxeni</span> <span class='ocrx_word' id='word_1_98' title='bbox 411 1506 539 1582; x_wconf 84' lang='lat' dir='ltr'>rhythm.</span> <span class='ocrx_word' id='word_1_99' title='bbox 562 1506 582 1563; x_wconf 82' lang='lat' dir='ltr'>f.</span> <span class='ocrx_word' id='word_1_100' title='bbox 603 1508 681 1580; x_wconf 88' lang='grc'><strong>314,</strong></span> 
     </span>
     <span class='ocr_line' id='line_1_17' title="bbox 219 1594 638 1668; baseline 0 -16"><span class='ocrx_word' id='word_1_101' title='bbox 219 1594 382 1653; x_wconf 86' lang='lat' dir='ltr'>Ptolemaei</span> <span class='ocrx_word' id='word_1_102' title='bbox 404 1595 496 1652; x_wconf 75' lang='lat' dir='ltr'>hama</span> <span class='ocrx_word' id='word_1_103' title='bbox 520 1594 540 1651; x_wconf 81' lang='lat' dir='ltr'>f.</span> <span class='ocrx_word' id='word_1_104' title='bbox 560 1596 638 1668; x_wconf 88' lang='grc'><strong>320,</strong></span> 
     </span>
     <span class='ocr_line' id='line_1_18' title="bbox 218 1681 735 1757; baseline -0.004 -17"><span class='ocrx_word' id='word_1_105' title='bbox 218 1683 383 1757; x_wconf 89' lang='lat' dir='ltr'>Diophanti</span> <span class='ocrx_word' id='word_1_106' title='bbox 407 1681 594 1740; x_wconf 87' lang='lat' dir='ltr'>arithmetica</span> <span class='ocrx_word' id='word_1_107' title='bbox 616 1683 636 1739; x_wconf 82' lang='lat' dir='ltr'>f.</span> <span class='ocrx_word' id='word_1_108' title='bbox 658 1682 735 1756; x_wconf 83' lang='lat'>361,</span> 
     </span>
     <span class='ocr_line' id='line_1_19' title="bbox 295 1769 941 1847; baseline 0.005 -20"><span class='ocrx_word' id='word_1_109' title='bbox 295 1771 311 1796; x_wconf 83' lang='lat'>&#39;’</span> <span class='ocrx_word' id='word_1_110' title='bbox 410 1770 446 1828; x_wconf 85' lang='lat' dir='ltr'>do</span> <span class='ocrx_word' id='word_1_111' title='bbox 468 1770 626 1847; x_wconf 83' lang='lat' dir='ltr'>polygonis</span> <span class='ocrx_word' id='word_1_112' title='bbox 648 1788 727 1827; x_wconf 91' lang='lat' dir='ltr'>num.</span> <span class='ocrx_word' id='word_1_113' title='bbox 752 1769 800 1826; x_wconf 92' lang='lat' dir='ltr'>lib.</span> <span class='ocrx_word' id='word_1_114' title='bbox 824 1769 843 1827; x_wconf 84' lang='lat' dir='ltr'>f.</span> <span class='ocrx_word' id='word_1_115' title='bbox 865 1773 941 1846; x_wconf 87' lang='grc'><strong>393,</strong></span> 
     </span>
     <span class='ocr_line' id='line_1_20' title="bbox 219 1850 811 1939; baseline 0.003 -24"><span class='ocrx_word' id='word_1_116' title='bbox 219 1858 351 1916; x_wconf 82' lang='lat' dir='ltr'>Euclidis</span> <span class='ocrx_word' id='word_1_117' title='bbox 376 1850 505 1939; x_wconf 84' lang='lat' dir='ltr'>(Cleon.)</span> <span class='ocrx_word' id='word_1_118' title='bbox 528 1857 671 1936; x_wconf 86' lang='lat' dir='ltr'>isagogen</span> <span class='ocrx_word' id='word_1_119' title='bbox 694 1858 713 1915; x_wconf 82' lang='lat' dir='ltr'>f.</span> <span class='ocrx_word' id='word_1_120' title='bbox 735 1860 811 1932; x_wconf 88' lang='grc'><strong>397,</strong></span> 
     </span>
     <span class='ocr_line' id='line_1_21' title="bbox 277 1946 690 2021; baseline -0.002 -16"><span class='ocrx_word' id='word_1_121' title='bbox 277 1947 293 1973; x_wconf 83' lang='grc'><em>”</em></span> <span class='ocrx_word' id='word_1_122' title='bbox 375 1948 534 2005; x_wconf 81' lang='lat' dir='ltr'>sectionem</span> <span class='ocrx_word' id='word_1_123' title='bbox 556 1946 690 2021; x_wconf 77' lang='lat' dir='ltr'>canonis,</span> 
     </span>
     <span class='ocr_line' id='line_1_22' title="bbox 219 2034 993 2112; baseline -0.003 -19"><span class='ocrx_word' id='word_1_124' title='bbox 219 2036 341 2093; x_wconf 91' lang='lat' dir='ltr'>nomina</span> <span class='ocrx_word' id='word_1_125' title='bbox 363 2054 465 2094; x_wconf 90' lang='lat' dir='ltr'>eorum</span> <span class='ocrx_word' id='word_1_126' title='bbox 488 2035 539 2111; x_wconf 92' lang='lat' dir='ltr'>qui</span> <span class='ocrx_word' id='word_1_127' title='bbox 561 2036 642 2112; x_wconf 91' lang='lat' dir='ltr'>leges</span> <span class='ocrx_word' id='word_1_128' title='bbox 664 2035 721 2092; x_wconf 85' lang='lat' dir='ltr'>XII</span> <span class='ocrx_word' id='word_1_129' title='bbox 744 2035 823 2092; x_wconf 89' lang='lat' dir='ltr'>tabb.</span> <span class='ocrx_word' id='word_1_130' title='bbox 848 2034 993 2109; x_wconf 83' lang='lat' dir='ltr'>tulerunt,</span> 
     </span>
     <span class='ocr_line' id='line_1_23' title="bbox 220 2122 698 2200; baseline -0.002 -19"><span class='ocrx_word' id='word_1_131' title='bbox 220 2125 255 2181; x_wconf 93' lang='lat' dir='ltr'>de</span> <span class='ocrx_word' id='word_1_132' title='bbox 279 2124 392 2200; x_wconf 88' lang='lat' dir='ltr'>origine</span> <span class='ocrx_word' id='word_1_133' title='bbox 417 2122 698 2199; x_wconf 86' lang='lat' dir='ltr'>Constantinopolis.</span> 
     </span>
    </p>

    <p class='ocr_par' dir='ltr' id='par_1_6' title="bbox 110 2211 1123 3530">
     <span class='ocr_line' id='line_1_24' title="bbox 176 2211 1116 2289; baseline -0.002 -19"><span class='ocrx_word' id='word_1_134' title='bbox 176 2215 219 2271; x_wconf 92' lang='lat' dir='ltr'>De</span> <span class='ocrx_word' id='word_1_135' title='bbox 236 2211 403 2270; x_wconf 86' lang='lat' dir='ltr'>Gaudentio</span> <span class='ocrx_word' id='word_1_136' title='bbox 418 2232 444 2270; x_wconf 85' lang='lat' dir='ltr'>v.</span> <span class='ocrx_word' id='word_1_137' title='bbox 459 2230 525 2289; x_wconf 89' lang='lat' dir='ltr'>pag.</span> <span class='ocrx_word' id='word_1_138' title='bbox 541 2231 600 2288; x_wconf 91' lang='lat' dir='ltr'>seq.</span> <span class='ocrx_word' id='word_1_139' title='bbox 628 2212 837 2269; x_wconf 81' lang='lat' dir='ltr'>Aristoxenum</span> <span class='ocrx_word' id='word_1_140' title='bbox 855 2215 954 2269; x_wconf 83' lang='lat' dir='ltr'>autem</span> <span class='ocrx_word' id='word_1_141' title='bbox 969 2212 1055 2268; x_wconf 90' lang='lat' dir='ltr'>huius</span> <span class='ocrx_word' id='word_1_142' title='bbox 1070 2230 1116 2268; x_wconf 93' lang='lat' dir='ltr'>co-</span> 
     </span>
     <span class='ocr_line' id='line_1_25' title="bbox 111 2300 1120 2374; baseline -0.002 -15"><span class='ocrx_word' id='word_1_143' title='bbox 111 2303 184 2361; x_wconf 89' lang='lat' dir='ltr'>dicis</span> <span class='ocrx_word' id='word_1_144' title='bbox 207 2302 324 2358; x_wconf 89' lang='lat' dir='ltr'>fluxisse</span> <span class='ocrx_word' id='word_1_145' title='bbox 348 2321 363 2359; x_wconf 85' lang='lat' dir='ltr'>e</span> <span class='ocrx_word' id='word_1_146' title='bbox 382 2301 533 2359; x_wconf 85' lang='lat' dir='ltr'>Marciano</span> <span class='ocrx_word' id='word_1_147' title='bbox 552 2301 628 2360; x_wconf 87' lang='lat' dir='ltr'>VI3</span> <span class='ocrx_word' id='word_1_148' title='bbox 649 2300 709 2357; x_wconf 85' lang='lat' dir='ltr'>iam</span> <span class='ocrx_word' id='word_1_149' title='bbox 727 2300 889 2374; x_wconf 86' lang='lat' dir='ltr'>Marquard</span> <span class='ocrx_word' id='word_1_150' title='bbox 906 2301 1120 2357; x_wconf 88' lang='lat' dir='ltr'>demonstravit</span> 
     </span>
     <span class='ocr_line' id='line_1_26' title="bbox 110 2388 1120 2465; baseline -0.004 -16"><span class='ocrx_word' id='word_1_151' title='bbox 110 2393 141 2449; x_wconf 91' lang='lat' dir='ltr'>in</span> <span class='ocrx_word' id='word_1_152' title='bbox 160 2392 210 2449; x_wconf 86' lang='lat' dir='ltr'>Ar.</span> <span class='ocrx_word' id='word_1_153' title='bbox 229 2410 257 2465; x_wconf 91' lang='lat' dir='ltr'>p.</span> <span class='ocrx_word' id='word_1_154' title='bbox 272 2389 486 2464; x_wconf 86' lang='lat' dir='ltr'>XV—XXHI,</span> <span class='ocrx_word' id='word_1_155' title='bbox 504 2409 557 2448; x_wconf 88' lang='lat' dir='ltr'>nec</span> <span class='ocrx_word' id='word_1_156' title='bbox 576 2389 665 2447; x_wconf 90' lang='lat' dir='ltr'>aliter</span> <span class='ocrx_word' id='word_1_157' title='bbox 682 2388 827 2446; x_wconf 87' lang='lat' dir='ltr'>iudicabit</span> <span class='ocrx_word' id='word_1_158' title='bbox 845 2389 1010 2463; x_wconf 88' lang='lat' dir='ltr'>quicunque</span> <span class='ocrx_word' id='word_1_159' title='bbox 1030 2409 1064 2446; x_wconf 91' lang='lat' dir='ltr'>ex</span> <span class='ocrx_word' id='word_1_160' title='bbox 1083 2389 1120 2445; x_wconf 89' lang='lat' dir='ltr'>iis</span> 
     </span>
     <span class='ocr_line' id='line_1_27' title="bbox 111 2476 1119 2555; baseline -0.003 -18"><span class='ocrx_word' id='word_1_161' title='bbox 111 2479 328 2555; x_wconf 87' lang='lat' dir='ltr'>comparaverit</span> <span class='ocrx_word' id='word_1_162' title='bbox 353 2479 495 2555; x_wconf 89' lang='lat' dir='ltr'>isagogen</span> <span class='ocrx_word' id='word_1_163' title='bbox 527 2496 616 2554; x_wconf 90' lang='lat' dir='ltr'>quam</span> <span class='ocrx_word' id='word_1_164' title='bbox 643 2477 827 2535; x_wconf 83' lang='lat' dir='ltr'>vindicamus</span> <span class='ocrx_word' id='word_1_165' title='bbox 855 2476 995 2535; x_wconf 88' lang='lat' dir='ltr'>Cleonidi.</span> <span class='ocrx_word' id='word_1_166' title='bbox 1041 2478 1119 2534; x_wconf 89' lang='lat' dir='ltr'>idem</span> 
     </span>
     <span class='ocr_line' id='line_1_28' title="bbox 112 2566 1120 2642; baseline -0.005 -16"><span class='ocrx_word' id='word_1_167' title='bbox 112 2569 191 2626; x_wconf 92' lang='lat' dir='ltr'>enim</span> <span class='ocrx_word' id='word_1_168' title='bbox 214 2567 256 2624; x_wconf 92' lang='lat' dir='ltr'>ibi</span> <span class='ocrx_word' id='word_1_169' title='bbox 280 2570 325 2624; x_wconf 90' lang='lat' dir='ltr'>est</span> <span class='ocrx_word' id='word_1_170' title='bbox 347 2566 478 2642; x_wconf 87' lang='lat' dir='ltr'>partium</span> <span class='ocrx_word' id='word_1_171' title='bbox 500 2566 571 2624; x_wconf 92' lang='lat' dir='ltr'>ordo</span> <span class='ocrx_word' id='word_1_172' title='bbox 590 2586 617 2641; x_wconf 92' lang='lat' dir='ltr'>p.</span> <span class='ocrx_word' id='word_1_173' title='bbox 645 2568 716 2639; x_wconf 84' lang='grc'><strong>179,</strong></span> <span class='ocrx_word' id='word_1_174' title='bbox 731 2579 756 2639; x_wconf 82' lang='grc'><strong>6,</strong></span> <span class='ocrx_word' id='word_1_175' title='bbox 775 2567 904 2623; x_wconf 89' lang='lat' dir='ltr'>concinit</span> <span class='ocrx_word' id='word_1_176' title='bbox 927 2587 955 2624; x_wconf 83' lang='lat' dir='ltr'>re</span> <span class='ocrx_word' id='word_1_177' title='bbox 974 2567 991 2622; x_wconf 93' lang='lat' dir='ltr'>l.</span> <span class='ocrx_word' id='word_1_178' title='bbox 1011 2577 1026 2623; x_wconf 85' lang='grc'><strong>9</strong></span> <span class='ocrx_word' id='word_1_179' title='bbox 1046 2569 1077 2623; x_wconf 89' lang='lat' dir='ltr'>et</span> <span class='ocrx_word' id='word_1_180' title='bbox 1095 2577 1120 2639; x_wconf 79' lang='lat' dir='ltr'>o,</span> 
     </span>
     <span class='ocr_line' id='line_1_29' title="bbox 114 2650 1120 2733; baseline -0.002 -19"><span class='ocrx_word' id='word_1_181' title='bbox 114 2676 170 2715; x_wconf 93' lang='lat' dir='ltr'>om.</span> <span class='ocrx_word' id='word_1_182' title='bbox 195 2652 273 2713; x_wconf 75' lang='grc' dir='ltr'><em>ἔστιν</em></span> <span class='ocrx_word' id='word_1_183' title='bbox 296 2655 314 2712; x_wconf 93' lang='lat' dir='ltr'>l.</span> <span class='ocrx_word' id='word_1_184' title='bbox 335 2667 360 2729; x_wconf 82' lang='lat'>4,</span> <span class='ocrx_word' id='word_1_185' title='bbox 384 2654 495 2713; x_wconf 91' lang='lat' dir='ltr'>habent</span> <span class='ocrx_word' id='word_1_186' title='bbox 517 2654 607 2713; x_wconf 81' lang='grc' dir='ltr'><strong><em>ποίαν</em></strong></span> <span class='ocrx_word' id='word_1_187' title='bbox 630 2653 712 2725; x_wconf 81' lang='grc' dir='ltr'><em>τάξιν</em></span> <span class='ocrx_word' id='word_1_188' title='bbox 734 2650 860 2732; x_wconf 78' lang='grc' dir='ltr'>ἑχόντων</span> <span class='ocrx_word' id='word_1_189' title='bbox 883 2654 1072 2733; x_wconf 78' lang='grc' dir='ltr'><strong><em>συγκείμενον</em></strong></span> <span class='ocrx_word' id='word_1_190' title='bbox 1096 2667 1120 2728; x_wconf 74' lang='lat' dir='ltr'>a,</span> 
     </span>
     <span class='ocr_line' id='line_1_30' title="bbox 112 2738 1120 2825; baseline -0.005 -21"><span class='ocrx_word' id='word_1_191' title='bbox 112 2743 178 2825; x_wconf 74' lang='grc' dir='ltr'><em>περὶ</em></span> <span class='ocrx_word' id='word_1_192' title='bbox 201 2742 290 2803; x_wconf 87' lang='grc' dir='ltr'><em>τόνου</em></span> <span class='ocrx_word' id='word_1_193' title='bbox 313 2754 339 2817; x_wconf 89' lang='grc'><strong>8,</strong></span> <span class='ocrx_word' id='word_1_194' title='bbox 362 2743 492 2802; x_wconf 88' lang='lat' dir='ltr'>concinit</span> <span class='ocrx_word' id='word_1_195' title='bbox 514 2739 637 2820; x_wconf 73' lang='grc' dir='ltr'><em>ἀφανῶς</em></span> <span class='ocrx_word' id='word_1_196' title='bbox 661 2743 790 2817; x_wconf 81' lang='lat' dir='ltr'>180,1s,</span> <span class='ocrx_word' id='word_1_197' title='bbox 813 2747 928 2801; x_wconf 80' lang='grc' dir='ltr'><em>τιθεῖσα</em></span> <span class='ocrx_word' id='word_1_198' title='bbox 953 2755 993 2817; x_wconf 91' lang='grc'>19,</span> <span class='ocrx_word' id='word_1_199' title='bbox 1017 2740 1066 2813; x_wconf 81' lang='grc' dir='ltr'><em>τὰς</em></span> <span class='ocrx_word' id='word_1_200' title='bbox 1089 2738 1120 2800; x_wconf 79' lang='lat' dir='ltr'>dl</span> 
     </span>
     <span class='ocr_line' id='line_1_31' title="bbox 114 2826 1121 2914; baseline -0.004 -22"><span class='ocrx_word' id='word_1_201' title='bbox 114 2832 356 2911; x_wconf 82' lang='grc' dir='ltr'><em>μεταβάσεις...</em></span> <span class='ocrx_word' id='word_1_202' title='bbox 376 2830 555 2914; x_wconf 76' lang='grc' dir='ltr'><em>διαστήματα</em></span> <span class='ocrx_word' id='word_1_203' title='bbox 572 2843 616 2906; x_wconf 85' lang='grc'>20,</span> <span class='ocrx_word' id='word_1_204' title='bbox 640 2826 745 2906; x_wconf 79' lang='grc' dir='ltr'><em>ὀξύτης</em></span> <span class='ocrx_word' id='word_1_205' title='bbox 769 2827 800 2890; x_wconf 73' lang='grc' dir='ltr'>δὲ</span> <span class='ocrx_word' id='word_1_206' title='bbox 826 2833 927 2907; x_wconf 84' lang='grc'><strong>181,4</strong></span> <span class='ocrx_word' id='word_1_207' title='bbox 952 2851 1006 2889; x_wconf 84' lang='grc'><strong>0111.</strong></span> <span class='ocrx_word' id='word_1_208' title='bbox 1031 2830 1121 2909; x_wconf 82' lang='grc' dir='ltr'><em>βαρύ-</em></span> 
     </span>
     <span class='ocr_line' id='line_1_32' title="bbox 112 2913 1121 2998; baseline -0.003 -18"><span class='ocrx_word' id='word_1_209' title='bbox 112 2944 165 2998; x_wconf 82' lang='grc' dir='ltr'><em>της</em></span> <span class='ocrx_word' id='word_1_210' title='bbox 193 2917 224 2979; x_wconf 75' lang='grc' dir='ltr'>δὲ</span> <span class='ocrx_word' id='word_1_211' title='bbox 251 2920 283 2980; x_wconf 87' lang='grc' dir='ltr'><em>τὸ</em></span> <span class='ocrx_word' id='word_1_212' title='bbox 311 2913 358 2979; x_wconf 80' lang='lat' dir='ltr'>dt&#39;</span> <span class='ocrx_word' id='word_1_213' title='bbox 388 2916 527 2997; x_wconf 74' lang='grc' dir='ltr'>ἀνέσεως,</span> <span class='ocrx_word' id='word_1_214' title='bbox 553 2919 666 2977; x_wconf 86' lang='lat' dir='ltr'>habent</span> <span class='ocrx_word' id='word_1_215' title='bbox 691 2924 829 2978; x_wconf 82' lang='grc' dir='ltr'><em>τετᾶσθαι</em></span> <span class='ocrx_word' id='word_1_216' title='bbox 854 2932 885 2998; x_wconf 80' lang='grc'><strong>6,</strong></span> <span class='ocrx_word' id='word_1_217' title='bbox 912 2924 1073 2978; x_wconf 80' lang='grc' dir='ltr'><em>καθαπτῶν</em></span> <span class='ocrx_word' id='word_1_218' title='bbox 1096 2930 1121 2993; x_wconf 83' lang='grc'><strong>8,</strong></span> 
     </span>
     <span class='ocr_line' id='line_1_33' title="bbox 114 3006 1121 3083; baseline -0.004 -15"><span class='ocrx_word' id='word_1_219' title='bbox 114 3030 171 3069; x_wconf 86' lang='lat' dir='ltr'>om.</span> <span class='ocrx_word' id='word_1_220' title='bbox 196 3006 227 3067; x_wconf 75' lang='grc' dir='ltr'>δὲ</span> <span class='ocrx_word' id='word_1_221' title='bbox 251 3010 323 3083; x_wconf 92' lang='grc'><strong>182,</strong></span> <span class='ocrx_word' id='word_1_222' title='bbox 338 3020 363 3083; x_wconf 80' lang='lat'>4,</span> <span class='ocrx_word' id='word_1_223' title='bbox 387 3028 443 3066; x_wconf 92' lang='lat' dir='ltr'>om.</span> <span class='ocrx_word' id='word_1_224' title='bbox 467 3008 584 3067; x_wconf 89' lang='lat' dir='ltr'>eosdem</span> <span class='ocrx_word' id='word_1_225' title='bbox 607 3027 695 3066; x_wconf 89' lang='lat' dir='ltr'>sonos</span> <span class='ocrx_word' id='word_1_226' title='bbox 720 3010 840 3082; x_wconf 80' lang='grc'><strong>184,15</strong></span> <span class='ocrx_word' id='word_1_227' title='bbox 864 3011 895 3065; x_wconf 89' lang='lat' dir='ltr'>et</span> <span class='ocrx_word' id='word_1_228' title='bbox 919 3009 990 3081; x_wconf 84' lang='lat'>185,</span> <span class='ocrx_word' id='word_1_229' title='bbox 1005 3018 1030 3080; x_wconf 88' lang='grc'><strong>8,</strong></span> <span class='ocrx_word' id='word_1_230' title='bbox 1053 3027 1121 3064; x_wconf 91' lang='lat' dir='ltr'>enu-</span> 
     </span>
     <span class='ocr_line' id='line_1_34' title="bbox 113 3096 1122 3172; baseline -0.004 -15"><span class='ocrx_word' id='word_1_231' title='bbox 113 3101 230 3157; x_wconf 83' lang='lat' dir='ltr'>merant</span> <span class='ocrx_word' id='word_1_232' title='bbox 248 3098 386 3155; x_wconf 89' lang='lat' dir='ltr'>diatonos</span> <span class='ocrx_word' id='word_1_233' title='bbox 407 3098 530 3171; x_wconf 60' lang='grc'><strong>18300.</strong></span> <span class='ocrx_word' id='word_1_234' title='bbox 564 3116 619 3156; x_wconf 92' lang='lat' dir='ltr'>nec</span> <span class='ocrx_word' id='word_1_235' title='bbox 636 3097 734 3155; x_wconf 92' lang='lat' dir='ltr'>minus</span> <span class='ocrx_word' id='word_1_236' title='bbox 753 3097 925 3172; x_wconf 88' lang='lat' dir='ltr'>conspirant</span> <span class='ocrx_word' id='word_1_237' title='bbox 941 3097 972 3153; x_wconf 89' lang='lat' dir='ltr'>in</span> <span class='ocrx_word' id='word_1_238' title='bbox 992 3096 1122 3154; x_wconf 81' lang='lat' dir='ltr'>Euclidis</span> 
     </span>
     <span class='ocr_line' id='line_1_35' title="bbox 114 3184 1123 3260; baseline -0.004 -15"><span class='ocrx_word' id='word_1_239' title='bbox 114 3187 255 3259; x_wconf 88' lang='lat' dir='ltr'>sectione,</span> <span class='ocrx_word' id='word_1_240' title='bbox 292 3186 396 3259; x_wconf 92' lang='lat' dir='ltr'>immo,</span> <span class='ocrx_word' id='word_1_241' title='bbox 434 3203 507 3260; x_wconf 89' lang='lat' dir='ltr'>quos</span> <span class='ocrx_word' id='word_1_242' title='bbox 541 3185 642 3260; x_wconf 87' lang='lat' dir='ltr'>posuit</span> <span class='ocrx_word' id='word_1_243' title='bbox 673 3184 704 3242; x_wconf 87' lang='lat' dir='ltr'><strong>M</strong></span> <span class='ocrx_word' id='word_1_244' title='bbox 735 3188 894 3259; x_wconf 85' lang='lat' dir='ltr'>protaseon</span> <span class='ocrx_word' id='word_1_245' title='bbox 925 3202 1061 3243; x_wconf 90' lang='lat' dir='ltr'>numeros</span> <span class='ocrx_word' id='word_1_246' title='bbox 1093 3187 1123 3241; x_wconf 87' lang='lat' dir='ltr'>et</span> 
     </span>
     <span class='ocr_line' id='line_1_36' title="bbox 115 3273 1123 3350; baseline -0.004 -16"><span class='ocrx_word' id='word_1_247' title='bbox 115 3276 284 3348; x_wconf 75' lang='lat' dir='ltr'>asterisooS,</span> <span class='ocrx_word' id='word_1_248' title='bbox 316 3274 338 3330; x_wconf 91' lang='lat' dir='ltr'>ii</span> <span class='ocrx_word' id='word_1_249' title='bbox 370 3273 495 3331; x_wconf 88' lang='lat' dir='ltr'>redeunt</span> <span class='ocrx_word' id='word_1_250' title='bbox 520 3273 550 3331; x_wconf 91' lang='lat' dir='ltr'>in</span> <span class='ocrx_word' id='word_1_251' title='bbox 578 3273 613 3331; x_wconf 85' lang='lat' dir='ltr'>V.</span> <span class='ocrx_word' id='word_1_252' title='bbox 665 3276 696 3331; x_wconf 89' lang='lat' dir='ltr'>et</span> <span class='ocrx_word' id='word_1_253' title='bbox 723 3273 971 3350; x_wconf 86' lang='lat' dir='ltr'>diagrammatum</span> <span class='ocrx_word' id='word_1_254' title='bbox 1005 3274 1123 3348; x_wconf 89' lang='lat' dir='ltr'>quidem</span> 
     </span>
     <span class='ocr_line' id='line_1_37' title="bbox 114 3362 1123 3441; baseline -0.004 -19"><span class='ocrx_word' id='word_1_255' title='bbox 114 3363 206 3441; x_wconf 88' lang='lat' dir='ltr'>elegit</span> <span class='ocrx_word' id='word_1_256' title='bbox 218 3363 245 3419; x_wconf 90' lang='lat' dir='ltr'>V</span> <span class='ocrx_word' id='word_1_257' title='bbox 264 3381 308 3439; x_wconf 90' lang='lat' dir='ltr'>ea,</span> <span class='ocrx_word' id='word_1_258' title='bbox 328 3381 403 3438; x_wconf 90' lang='lat' dir='ltr'>quae</span> <span class='ocrx_word' id='word_1_259' title='bbox 422 3362 517 3420; x_wconf 80' lang='lat' dir='ltr'>altera</span> <span class='ocrx_word' id='word_1_260' title='bbox 533 3381 640 3420; x_wconf 89' lang='lat' dir='ltr'>manus</span> <span class='ocrx_word' id='word_1_261' title='bbox 657 3363 795 3438; x_wconf 88' lang='lat' dir='ltr'>pinxerat</span> <span class='ocrx_word' id='word_1_262' title='bbox 812 3363 843 3419; x_wconf 90' lang='lat' dir='ltr'>in</span> <span class='ocrx_word' id='word_1_263' title='bbox 857 3362 901 3436; x_wconf 82' lang='lat' dir='ltr'>M3</span> <span class='ocrx_word' id='word_1_264' title='bbox 919 3363 991 3420; x_wconf 90' lang='lat' dir='ltr'>haec</span> <span class='ocrx_word' id='word_1_265' title='bbox 1010 3379 1123 3420; x_wconf 89' lang='lat' dir='ltr'>summa</span> 
     </span>
     <span class='ocr_line' id='line_1_38' title="bbox 114 3450 1123 3530; baseline -0.004 -19"><span class='ocrx_word' id='word_1_266' title='bbox 114 3453 271 3530; x_wconf 88' lang='lat' dir='ltr'>diligentia</span> <span class='ocrx_word' id='word_1_267' title='bbox 306 3450 519 3511; x_wconf 87' lang='lat' dir='ltr'>transscribens</span> <span class='ocrx_word' id='word_1_268' title='bbox 555 3451 656 3510; x_wconf 86' lang='lat' dir='ltr'>omisit</span> <span class='ocrx_word' id='word_1_269' title='bbox 690 3450 744 3508; x_wconf 84' lang='lat' dir='ltr'>ubi.</span> <span class='ocrx_word' id='word_1_270' title='bbox 778 3455 941 3528; x_wconf 89' lang='lat' dir='ltr'>agnoverat</span> <span class='ocrx_word' id='word_1_271' title='bbox 977 3451 1123 3526; x_wconf 81' lang='lat' dir='ltr'>diagram-</span> 
     </span>
    </p>
   </div>
   <div class='ocr_carea' id='block_1_3' title="bbox 0 0 1248 3870">
    <p class='ocr_par' dir='ltr' id='par_1_7' title="bbox 0 0 1248 3870">
     <span class='ocr_line' id='line_1_39' title="bbox 0 0 1248 3870; baseline 0 0"><span class='ocrx_word' id='word_1_272' title='bbox 0 0 1248 3870; x_wconf 95' lang='lat' dir='ltr'> </span> 
     </span>
    </p>
   </div>
  </div>
 </body>
</html>
