2466 3870
517 114 726 133 ''u-*-
977 134 1228 153 *—

326 271 330 276 ’
407 260 540 362 Περσέι
557 323 619 363 νιν.
656 308 703 378 (δα
720 306 846 379 republ.
864 307 979 378 VIIII.)
1158 307 1201 372 25

192 467 318 549 ἰατρεία
341 489 391 543 τις
409 465 528 557 έστίν)·
551 469 607 534 καί
625 469 687 552 τὴν
710 470 908 553 διαγωγὴν
928 467 1201 556 ὁμολογουμένως

191 570 245 635 δεῖ
268 571 313 655 μὴ
339 576 445 658 μόνον
472 578 560 659 ἔχειν
586 575 623 640 τὸ
651 574 755 639 καλὸν
782 572 865 638 ἀλλὰ
892 574 946 640 καὶ
974 577 1035 659 τὴν
1062 574 1199 659 ἡδονήν·

192 677 228 741 τὸ
251 677 314 764 γὰρ
338 680 550 764 εὐδαιμονεῖν
572 678 605 756 έξ
629 677 828 763 ἀμφοτέρων
851 680 979 744 τούτων
1002 680 1102 747 έστίυ.
1140 683 1201 765 τὴυ

191 780 228 850 δέ
258 787 422 870 μουσικὴν
453 784 573 861 πάντες
605 779 695 849 εἷναί
724 808 834 869 φαμεν
861 796 927 850 τῶν
954 784 1115 871 ἡδίστων,
1145 786 1200 852 καὶ

166 892 292 975 εὐιλὴν
316 887 422 957 οὐσαν
444 887 499 954 καὶ
521 891 601 973 μετὰ
624 893 799 978 μελῳδίας·
823 890 905 976 φησὶ
929 900 1014 975 γοῦν
1031 890 1086 957 καί
1105 897 1200 959 Mov-

192 1008 284 1073 σαῖος
311 992 396 1064 εἶναι
423 998 556 1081 βροτοῖς
578 997 716 1080 ἥδιστον
740 996 873 1063 ἀείδειν.
919 996 1049 1064 διὸκαὶ
1073 1000 1120 1074 εἰς
1141 1001 1200 1075 τὰς
1213 1019 1228 1084 (2

192 1104 372 1178 συνουσίας
407 1099 463 1166 καὶ
500 1102 667 1186 διαγωγάς
704 1104 849 1185 εὐλόγως
882 1103 1200 1189 παραλαμβάνουσιν

192 1209 295 1292 αὐτὴν
322 1209 367 1285 ὡς
388 1207 579 1293 δυναμένην
602 1210 811 1294 εὐφραίνειν·
858 1209 940 1274 ὥστε
963 1208 1018 1274 καὶ
1041 1209 1200 1276 ἐντεῦθεν

192 1316 233 1379 ἀν
259 1338 309 1391 τις
333 1312 497 1399 ὑπολάβοι
520 1316 740 1380 παιδεύεσθαι
763 1315 836 1380 δεῖν
859 1316 962 1399 αὐτὴν
985 1319 1063 1392 τοὺς
1086 1316 1200 1381 νεωτέ-

157 1451 181 1491 ιι
192 1444 280 1505 ρους.
317 1421 379 1488 ὅσα
400 1424 464 1506 γὰρ
487 1420 616 1506 ἀβλαβῆ
638 1432 707 1486 τῶν
725 1420 844 1505 ἡδέων,
866 1422 905 1487 οὐ
924 1425 1029 1506 μόνον
1047 1421 1200 1506 ἁρμόττει

191 1529 273 1614 πρὸς
295 1530 333 1594 τὸ
356 1527 449 1605 τέλος
471 1527 556 1594 ἀλλὰ
578 1526 633 1592 καὶ
656 1528 739 1612 πρὸς
761 1529 822 1612 τὴν
846 1526 1041 1593 ἀνάπαυσιν.
1079 1526 1195 1593 έπελδ

193 1633 229 1699 έν
257 1631 319 1719 μὲν
345 1643 391 1723 τῷ
418 1631 504 1700 τέλει
532 1636 709 1718 συμβαίνει
736 1646 807 1710 τοῖς
833 1632 1026 1719 ἀνθρώποις
1053 1633 1201 1718 ὀλιγάκις

193 1743 361 1824 γίνεσθαι,
388 1741 546 1818 πολλάκις
574 1737 609 1806 δὲ
635 1740 863 1805 ἀναπαύονται
886 1739 941 1806 καὶ
964 1753 1107 1825 χρῶνται
1130 1754 1202 1819 ταῖς

193 1847 339 1922 παιδιαῖς
362 1848 423 1931 οὐχ
443 1848 525 1913 ὅσον
543 1846 596 1912 ἐπὶ
615 1846 717 1913 πλέον
736 1846 891 1913 ἀλλὰκαὶ
910 1849 966 1912 διὰ
984 1849 1045 1931 τὴν
1064 1847 1200 1931 ἡδονήν,

160 1980 182 2021 ιε
194 1953 353 2036 χρὴσιμον
376 1953 419 2016 δυ
440 1959 491 2036 εῖη
515 1954 735 2019 διαναπαύειν
757 1952 795 2019 έν
815 1966 886 2030 ταῖς
904 1953 967 2019 ἀπὸ
986 1955 1106 2038 ταύτης
1124 1954 1201 2037 ἡδο-

194 2069 273 2134 ναῖς.
327 2057 512 2142 συμβέβηκε
546 2056 583 2124 δὲ
615 2072 685 2136 τοῖς
717 2059 910 2145 ἀνθρώποις
942 2068 1112 2126 ποιεῖσθαι
1144 2063 1200 2138 τὰς
1215 2072 1228 2138 (‹

194 2165 326 2241 παιδιάς
343 2163 449 2242 τέλος·
468 2167 533 2249 ἔχει
551 2167 615 2249 γάρ
636 2173 716 2242 ίσως
734 2166 859 2250 ἡδονήν
878 2191 952 2231 τινα
969 2166 1024 2232 καί
1043 2169 1080 2232 τὸ
1098 2166 1201 2251 τέλος,

194 2270 262 2336 ἀλλ’
294 2271 335 2337 οὐ
363 2272 424 2355 τὴν
450 2281 630 2356 τυχοῦσαν·
654 2277 826 2357 ζητοῦντες
853 2270 890 2338 δὲ
913 2274 1051 2357 ταύτην,
1078 2272 1200 2359 λαμβά-

195 2397 311 2444 νουσιν
337 2377 382 2455 ὡς
403 2379 527 2461 ταύτην
550 2377 691 2462 ἐκείνην,
714 2381 771 2444 διὰ
794 2381 831 2444 τὸ
853 2388 897 2466 τῷ
920 2379 1006 2445 τέλει
1029 2391 1097 2445 τῶν
1118 2379 1200 2465 πρά-

158 2481 274 2560 ωξεωυ
297 2486 385 2568 ἔχειν
408 2483 557 2568 ὁμοίωμά
580 2505 625 2549 τι·
649 2488 686 2551 τό
709 2509 744 2550 τε
767 2486 830 2570 γὰρ
854 2485 946 2562 τέλος
970 2487 1111 2563 οὐδενὸς
1134 2500 1200 2553 τῶν

194 2588 360 2674 ἐσομένων
382 2588 480 2675 χάριν
503 2591 650 2675 αἱρετόν,
673 2590 727 2656 καὶ
751 2592 788 2656 αί
808 2601 957 2658 τοιαῦται
980 2605 1047 2658 τῶν
1070 2593 1201 2677 ἡδονῶν

194 2697 335 2774 οὐδενός
357 2699 423 2762 είσι
445 2707 514 2761 τῶν
537 2696 705 2782 ἐσομένων
727 2697 850 2782 ἕνεκεν,
872 2698 956 2764 ἀλλὰ
979 2712 1045 2766 τῶν
1069 2705 1201 2784 γεγονό-

194 2828 274 2887 των,
301 2795 375 2869 οἷον
402 2806 517 2869 πόνων
545 2802 600 2868 καί
628 2806 740 2888 λύπης.
787 2808 821 2871 δι
858 2806 899 2889 ἡν
923 2803 985 2891 μὲν
1008 2802 1069 2872 οὖν
1093 2811 1201 2873 αίτίαν

195 2913 324 2993 ζητοῦσι
358 2912 419 2993 τὴν
452 2911 669 2995 εὐδαιμονίαν
702 2916 855 2994 γίνεσθαι
888 2915 943 2977 διὰ
976 2913 1104 2978 τούτων
1136 2925 1202 2978 τῶν

156 3045 181 3084 ω
196 3015 340 3099 ἡδονῶν,
363 3016 488 3099 ταύτην
514 3018 558 3082 ἀν
580 3041 630 3093 τις
655 3020 788 3093 εἰκότως
810 3019 972 3101 ὑπολάβοι
997 3021 1056 3101 τὴν
1080 3021 1201 3084 αἰτίαν·

194 3121 267 3206 περὶ
295 3119 332 3187 δέ
359 3132 419 3188 τοῦ
446 3136 623 3189 κοινωνεῖν
651 3133 708 3206 τῆς
733 3134 907 3208 μουσικῆς,
936 3124 975 3190 οὐ
999 3127 1055 3189 διὰ
1077 3126 1226 3208 ταύτην(

193 3232 308 3312 μόνην,
331 3228 492 3295 ἀλλὰκαὶ
516 3230 571 3295 διὰ
595 3231 632 3295 τὸ
655 3231 818 3314 χρήσιμον
841 3226 926 3295 εἶναι
946 3233 1028 3316 πρὸς
1046 3233 1104 3308 τὰς
1123 3231 1200 3296 ἀνα-

194 3337 344 3417 παύσεις,
372 3334 416 3412 ὡς
444 3338 558 3401 ἔοικεν.
605 3336 646 3401 οὐ
674 3338 739 3420 μὴν
767 3336 850 3402 ἀλλὰ
877 3337 1029 3420 ζητητέον
1056 3341 1201 3424 μήποτε

195 3442 238 3527 [p.
258 3442 357 3527 1340]
381 3451 480 3508 τοῦτο
503 3440 563 3526 μὲν
586 3441 781 3528 συμβέβηκε,
804 3444 978 3530 τιμιωτέρα
1002 3445 1030 3510 δ’
1058 3446 1159 3529 αὐτῆς
1182 3445 1201 3528 ἡ

154 3576 181 3616 ει
195 3550 297 3631 φύσις
319 3547 410 3614 ἐστὶν
433 3548 453 3632 ἡ
475 3551 556 3614 κατὰ
578 3550 640 3632 τὴν
664 3551 839 3635 είρημένην
861 3558 989 3637 χρείαν,
1012 3552 1065 3618 καί
1090 3555 1141 3618 δεῖ
1158 3555 1201 3637 μὴ

195 3658 300 3740 μόνον
318 3664 375 3738 τῆς
392 3665 507 3739 καινῆς
526 3655 648 3740 ἡδονῆς
666 3658 813 3742 μετέχειν
832 3658 884 3724 ἀπ’
909 3661 1017 3745 αὐτῆς,
1040 3656 1075 3744 ἡς
1090 3664 1201 3745 ἔχουσι
