2466 3870
792 116 796 125 ι
868 116 871 121 -
914 108 1166 127 ...maun-hm·

346 306 352 313 ¹
396 280 728 391 &Mestum
833 310 836 315 '
883 312 890 320 '
936 300 942 309 ’
1071 274 1163 380 147..

109 482 187 547 tivit
209 480 462 566 Dasypodius
485 478 650 567 (Euclidis
677 500 790 546 omnes
814 480 960 547 omniurn
982 479 1141 546 librorum

110 586 361 671 propositiones.
394 585 570 675 Argentor.
591 585 703 676 1511).
727 590 1019 673 transscripserunt
1036 587 1141 653 Panae

111 695 295 761 versionem
318 701 352 760 et
374 693 614 760 Possevinus
643 695 677 759 in
706 694 810 759 altero
833 695 998 759 volumine
1020 693 1142 759 Biblio

111 800 223 869 thecae
255 801 395 867 selectae
426 800 512 889 (Gol.
537 801 673 890 Agripp.
704 798 805 889 1607)
832 800 933 866 XV'i
963 806 996 865 et
1023 800 1140 865 Petrus

110 906 352 997 Herigonius
380 910 416 975 in
444 930 542 974 cursu
570 908 801 974 mathematico
830 906 901 973 Par.
922 909 1017 975 1644.
1063 914 1140 993 post

110 1016 325 1083 Meibomium
360 1016 423 1081 hos
455 1014 587 1081 libellos
620 1014 852 1099 imprimendos
885 1016 1011 1081 curavit
1042 1014 1139 1079 Dar.

111 1124 324 1211 Gregorius
352 1122 501 1189 Euclidis
530 1142 629 1206 opera
657 1120 802 1187 Oxoniae
832 1122 927 1188 1703.
952 1160 993 1171 -
1017 1122 1139 1188 Maibo-

110 1232 194 1297 mius
222 1232 257 1297 in
285 1234 379 1296 textu
407 1229 603 1295 recensendo
632 1234 780 1295 secutum
807 1250 842 1294 se
870 1250 940 1295 esse
966 1231 1139 1314 profitetur

110 1336 230 1405 Bonas.
251 1336 393 1404 Vulcani
426 1336 571 1403 codicem
605 1337 661 1423 qui
694 1336 729 1402 in
760 1334 926 1402 Leidensis
957 1336 1138 1403 academiae

110 1444 309 1531 bibliotheca
341 1448 528 1511 asservatus
561 1444 608 1510 sit
638 1442 740 1531 (Prol.
767 1444 809 1508 ad
835 1444 914 1531 iaag.
942 1449 976 1508 et
1002 1466 1074 1510 ann.
1102 1446 1138 1511 in

109 1552 286 1619 Aristidem
311 1550 403 1641 208).
453 1554 584 1638 praetor
614 1550 701 1617 hunc
728 1572 807 1627 usus
835 1557 886 1617 est
913 1550 1136 1618 coventriensi

111 1664 143 1726 ct
164 1658 365 1727 Barocciano
388 1658 566 1727 codicibus.
591 1658 705 1725 'edidit
723 1658 886 1745 Antiquae
903 1660 1046 1725 musicae
1065 1682 1136 1727 auc

109 1772 195 1833 tores
237 1772 363 1853 septem
405 1765 656 1856 (Aristoxenum
695 1764 865 1832 Euclidem
901 1764 1136 1834 Nicomachum

109 1872 264 1959 Alypium
298 1873 518 1941 Gaudentium
550 1873 727 1939 Bacchium
757 1872 949 1962 Aristidem)
977 1873 1137 1941 Amstelo·

109 1981 192 2047 dami
220 1984 316 2049 1652.
340 2020 384 2030 —
409 1980 533 2048 Gallice
558 1982 657 2046 vertit
680 1979 741 2046 ch.
760 1981 837 2047 Em.
856 1980 1005 2068 Ruelle‚
1032 1984 1135 2050 Intro

108 2088 231 2155 ductioa
258 2090 466 2173 lrarmoaique
493 2090 530 2156 de
560 2088 721 2168 Gldouide,
749 2089 782 2154 lo
808 2091 944 2156 divisior
970 2092 1013 2155 du
1035 2112 1136 2157 canat

107 2194 270 2262 d’Eaelide
297 2195 326 2263 le
344 2198 508 2281 prioritate,
540 2217 658 2264 canoras
680 2198 900 2280 irormoaiques
922 2199 959 2264 dc
981 2198 1134 2265 Florencc

108 2303 248 2369 traduits.
281 2304 402 2370 extruit
421 2304 460 2370 de
478 2304 657 2369 l’annuaire
676 2304 714 2369 de
733 2304 950 2370 l'association
964 2328 1046 2391 pour
1059 2305 1133 2371 l'en·

108 2415 337 2498 couragement
361 2411 417 2477 des
441 2413 554 2477 e‘tudes
577 2434 744 2500 grecques.
784 2411 885 2497 Paris,
908 2411 1017 2497 Didot‚
1038 2413 1132 2478 1884.

172 2516 262 2583 Haec
284 2522 394 2584 textus
419 2520 564 2585 recensio
587 2520 650 2585 niti
675 2520 788 2585 debuit
808 2524 937 2605 praeter·
955 2520 1133 2585 vetustissi-

107 2646 195 2691 mum
225 2624 348 2691 librum
376 2626 412 2692 M
444 2628 480 2692 in
507 2627 618 2693 codice
640 2627 685 2691 W
709 2624 798 2715 (Vat.
819 2629 881 2692 191
902 2626 984 2716 fin),
1013 2629 1132 2714 quippe

106 2734 159 2817 qui
178 2738 325 2799 veterum
345 2735 618 2822 diagrammatom
642 2736 823 2801 contineret
841 2740 944 2800 certas
968 2735 1130 2820 reliquias.

106 2840 146 2905 ad
154 2840 406 2929 intellegendam
417 2864 494 2908 vero
504 2843 652 2909 Euclidis
663 2844 863 2909 voluntatem
878 2865 951 2908 curn
965 2864 1024 2907 nee
1034 2842 1130 2907 utiles

105 2953 211 3013 essent
238 2952 384 3014 veterum
404 2949 522 3014 horum
546 2950 816 3037 diagrammatom
836 2951 870 3014 in
884 2948 976 3013 WM¹
994 2949 1130 3034 pusillae

105 3054 266 3142 reliquiae,
285 3078 345 3121 nac
364 3079 420 3122 eae
439 3080 520 3144 quas
540 3059 643 3123 altera
661 3080 775 3123 manus
799 3058 869 3122 sine
893 3057 1059 3143 diligentie
1077 3078 1130 3121 ne-

104 3163 282 3251 glectisque
301 3167 462 3230 mensuris
482 3167 516 3230 in
531 3165 565 3230 M
585 3166 806 3250 descripserat,
829 3166 869 3229 iis
888 3166 996 3249 potius
1015 3165 1129 3251 figuris

104 3292 184 3356 opus
208 3277 302 3358 esset,
327 3272 448 3358 quibus
472 3273 551 3358 quid
575 3278 689 3338 auctor
711 3271 809 3338 vellet
833 3272 934 3336 oculis
958 3270 1129 3337 videndum

102 3383 350 3464 proponeretur:
378 3381 488 3445 missis
517 3381 648 3445 criticae
676 3381 755 3444 artis
782 3379 910 3466 legibus
935 3378 1065 3466 confugi
1089 3378 1129 3443 ad

102 3486 336 3575 diagrammata
355 3488 475 3553 codicis
490 3485 607 3575 N(eap.
623 3485 671 3552 Ill
687 3509 703 3552 c
719 3486 754 3575 2)
769 3487 887 3573 quibus
902 3485 1046 3551 Euclidis
1060 3507 1129 3549 scn-

102 3595 203 3660 tcntia
226 3594 320 3660 facile
348 3597 595 3680 perspiceretur.
641 3594 672 3658 V
688 3627 730 3649 =
744 3594 818 3660 Vat.
840 3595 901 3659 191
927 3616 1002 3679 pars
1029 3593 1127 3680 prior,

101 3701 273 3769 U=Ven.
288 3702 386 3768 Marc.
398 3706 473 3790 322,
489 3705 544 3789 qui
560 3705 735 3769 sectionem
750 3725 767 3768 e
782 3702 816 3768 M
831 3703 1126 3787 transscripserunt.

917 3808 973 3866 AG*
