2466 3870
341 364 359 467 ,Ι
398 354 586 465 enchiridion
617 422 641 463 α
656 412 682 463 1.
696 410 723 465 2.
733 352 863 479 “pa—6
881 404 919 463 Μ.
1101 400 1169 469 239

145 562 223 633 καθ
254 562 302 653 (p.
324 562 363 655 4)
394 566 537 639 ἕκαστον
564 572 723 657 φθόγγον
749 568 1005 656 διηρθρωμένον
1035 566 1093 636 καλ
1119 570 1170 634 δι-

146 670 261 755 εστὼς,
279 672 391 763 ώσπερ
409 678 494 745 κατὰ
513 680 659 763 σωρείαν
680 674 736 741 καὶ
760 676 801 743 ού
823 674 891 743 κατ’
920 678 1078 761 ἔγκρασιν
1100 688 1170 744 τῶν

145 787 205 863 τῆς
221 790 341 867 φωνῆς
356 788 487 871 μορίων
504 782 663 866 ἀλλήλοις
680 780 940 867 παρακειμένων,
958 783 1170 867 εὐχωρίστων

145 884 255 953 τεκαὶ
273 889 534 975 εύδιαγνώστων
551 886 608 955 καλ
625 892 792 967 παντοίως
808 889 854 975 μη
870 890 1170 977 συνεφθαρμένων.

118 992 183 1061 ιτδ
206 996 272 1081 γὰρ
295 997 426 1087 ε’νμδον
449 999 607 1063 τοιοῦτόν
628 996 697 1063 έστι
716 998 754 1063 τὸ
771 994 897 1075 πάντας
916 995 1081 1083 ἐμφαῖνον
1098 1010 1170 1077 τοῖς

145 1098 343 1187 έκιστημοσι
369 1106 451 1182 τούς
478 1106 672 1190 φθόγγους,
698 1103 817 1188 ἡλίκου
843 1102 981 1182 ἕκαστος
1002 1104 1170 1190 μεγέθους

144 1208 281 1295 μετέχει.
315 1212 423 1298 είγάρ
442 1212 489 1298 μη
507 1210 616 1290 οὕτως
633 1235 686 1289 τις
703 1220 811 1301 χρῷτο
830 1211 931 1300 αὐτῷ,
949 1210 1059 1277 οὐκέτι
1073 1210 1170 1300 ᾅδειν

144 1314 276 1399 λέγεται
295 1314 381 1385 ἀλλά
399 1318 521 1405 λέγειν.
551 1320 591 1386 τδ
609 1315 648 1385 δὲ
665 1317 780 1404 ἕτερον
797 1318 837 1385 τδ
854 1314 1034 1403 συνεχὲς,
1049 1318 1127 1387 καθ’
1149 1318 1169 1387 ὃ

144 1420 329 1511 ὁμιλοῦμεν
355 1450 391 1493 τε
418 1425 578 1511 ἀλλήλοις
603 1424 661 1493 καὶ
688 1422 976 1511 ἀναγινώσκομεν,
1007 1425 1170 1513 οὐδεμίαν

105 1556 132 1597 ιο
144 1530 277 1615 ἔχοντες
307 1532 460 1619 ἀνάγκην
490 1532 652 1619 ἐμφανεῖς
681 1533 739 1610 τδς
766 1542 834 1599 τῶν
863 1536 1029 1617 φθόγγων
1058 1533 1169 1611 τάσεις

142 1636 201 1707 καλ
223 1640 477 1727 διακεκριμένως
499 1638 554 1707 ἀπ’
582 1640 739 1725 ἀλλήλων
755 1645 937 1726 ποιεῖσθαι,
956 1639 1041 1707 ἀλλὰ
1060 1646 1168 1726 είρον-

143 1768 198 1827 τες
228 1749 290 1814 τδν
320 1750 426 1833 λύγον
453 1746 518 1826 ἕως
544 1757 603 1833 τῆς
629 1757 693 1816 τοῦ
720 1746 931 1834 φραξαμένου
960 1748 1168 1827 τελειώσεως.

143 1854 177 1920 ελ
200 1852 266 1941 γιέρ
294 1877 345 1934 τις
372 1854 394 1940 ἢ
421 1856 660 1943 διαλεγόμενος
682 1854 703 1941 ἣ
726 1854 1010 1941 ἀπομνημονεύων
1033 1854 1167 1941 τινοςῆ

144 1959 409 2046 ἀναγιγνώσκων
436 1987 475 2048 γε
503 1964 625 2048 ἔκδηλα
648 1960 768 2050 μεταξύ
790 1960 868 2029 καθ’
895 1960 1034 2029 ἕκαστον
1057 1965 1167 2048 φθόγ-

104 2094 129 2133 ιι
143 2091 207 2152 γον
234 2082 327 2137 ποιεῖ
348 2072 390 2136 τά
412 2070 555 2156 μεγέθη,
583 2071 766 2137 διιστώνων
788 2066 844 2136 καί
867 2070 1083 2155 μεταβάλλων
1106 2071 1168 2154 τὴν

143 2178 265 2260 φωνὴν
288 2174 345 2243 ἀπ’
371 2180 477 2243 ἄλλου
501 2181 550 2255 είς
573 2179 694 2262 ἄλλον,
718 2176 828 2245 οὐκέτι
850 2176 995 2261 λέγεινὸ
1015 2186 1166 2256 τοιοῦτος

143 2280 224 2349 ούδδ
252 2282 498 2368 ἀναγινώσκειν
527 2284 612 2352 ἀλλὰ
636 2284 804 2371 μελεώζειν
827 2283 964 2367 λέγεται.
1009 2286 1167 2371 διμεροῦς

143 2389 185 2474 δὴ
207 2390 424 2477 ὑπαρχούσης
445 2402 503 2476 τῆς
521 2392 708 2479 ἀνθρώπου
727 2388 853 2477 φωνῆς,
876 2392 939 2457 δύο
958 2393 1091 2469 εἰκότως
1109 2391 1165 2458 καὶ

142 2500 304 2582 τύπους,
328 2498 388 2576 οὓς
413 2497 550 2586 ἑκατέρα
569 2499 696 2585 κατέχει
716 2497 919 2584 διερχομένη,
943 2495 1049 2586 ᾤοντο
1069 2494 1164 2565 εἶναι.

103 2603 198 2671 ιοκαλ
227 2607 287 2672 τὸν
314 2602 376 2690 μὲν
403 2615 462 2690 τῆς
489 2616 653 2690 συνεχοῦς
680 2610 783 2673 τόπον
811 2604 967 2692 ἀόριστον
994 2607 1095 2691 φύσει
1118 2616 1164 2695 τῷ

142 2711 279 2795 μεγέθει
302 2712 477 2799 ὑπάρχειν,
500 2710 558 2797 ἀφ’
588 2708 629 2781 οὗ
654 2715 696 2780 ἂν
721 2712 857 2800 ἄρξηται
881 2712 899 2778 δ
923 2718 1033 2799 λαλῶν
1050 2713 1165 2801 μέχρις

142 2819 185 2884 ἀν
212 2821 395 2905 παύσηται,
424 2823 462 2887 τὸ
486 2824 612 2887 οἰκεῖον
636 2821 737 2906 πέρας
761 2818 988 2904 λαμβάνοντα,
1014 2820 1164 2887 τουτέστι

141 2928 202 2992 τὸν
234 2926 299 2993 ἀπὸ
332 2938 390 3013 τῆς
417 2926 550 3014 πρώτης
579 2933 696 3005 λαλιᾶς
723 2926 836 3013 μέχρις
863 2926 1000 3012 έσχώτης
1027 2938 1166 3013 σιωπῆς,

143 3033 227 3099 ὥστε
254 3037 292 3100 τὸ
321 3035 423 3101 πλέον
450 3034 494 3119 (p.
515 3034 551 3122 5)
580 3037 684 3102 αὐτοῦ
713 3033 764 3120 ἐφ’
797 3034 876 3119 ἡμῖν
903 3035 1076 3120 ὑπάρχειν·
1104 3037 1164 3102 τὸν

102 3171 128 3208 ω
143 3139 180 3207 δὲ
204 3153 261 3227 τῆς
285 3144 544 3227 διαστηματικῆς
568 3143 677 3210 οὐκέτι
703 3141 757 3227 ἐφ’
783 3142 877 3228 ἡμῖν,
900 3141 984 3208 ἀλλὰ
1007 3144 1164 3228 φυσικὸν,

215 3379 229 3425 1
264 3371 483 3444 διηρθρωμένον
511 3375 577 3444 RB,
608 3372 788 3446 διῃρημένοις
815 3373 851 3428 M.
943 3379 959 3427 3
988 3374 1161 3441 εὐχαρίστου

142 3460 196 3499 om.
216 3443 248 3500 B.
341 3452 356 3500 ’ί
381 3444 489 3517 μετέχει
509 3463 578 3501 corr.
598 3447 635 3514 R,
660 3447 779 3514 ὑπάρχει
797 3445 842 3498 R¹.
936 3451 968 3499 12
987 3453 1036 3500 τοῦ
1055 3462 1109 3499 om.
1129 3445 1161 3499 R.

143 3523 176 3570 18
196 3517 440 3587 ἀπομνημονεύων
459 3522 536 3581 τινός
554 3519 592 3586 R,
616 3516 843 3588 ἀπολυγούμενός
861 3536 935 3579 τινος
952 3516 989 3585 Β,
1008 3517 1163 3587 ἀπολογού-

141 3586 225 3658 μενύς
248 3608 305 3643 τινι
328 3589 365 3645 Μ.
460 3596 493 3644 16
518 3590 602 3645 ἀλλον
626 3589 696 3658 ΜΒ,
721 3589 788 3643 ἀλλο
812 3588 844 3645 R.
936 3593 968 3642 17
992 3591 1112 3657 μελίζειν
1130 3587 1163 3644 Β.

145 3664 176 3714 18
196 3659 233 3728 δή
252 3660 290 3729 R,
311 3657 362 3715 οὖν
381 3661 447 3715 ΜΒ.
512 3669 562 3731 τῆς
580 3680 634 3718 om.
655 3662 705 3716 M¹.
769 3662 853 3729 ἀνθρ.
873 3661 905 3730 R,
925 3668 975 3714 τοῦ
994 3661 1081 3729 ἀνθρ.
1096 3659 1162 3714 ΜΒ.

141 3731 194 3787 δύο
213 3731 280 3800 RB,
300 3735 382 3787 δυοῖν
402 3734 438 3789 Μ,
528 3741 559 3787 ⁸21
581 3731 614 3789 οὗ
635 3733 671 3788 ἂν
691 3734 761 3802 ΜΒ,
781 3729 814 3787 οὗ
833 3733 864 3787 R.
947 3738 981 3788 ‘23
1001 3733 1111 3802 πρώτης
1129 3731 1162 3801 R,

139 3807 261 3859 πωτίστ
282 3825 296 3867 ς
315 3804 379 3860 ΜΒ.
