2466 3870
87 162 89 166 ,
180 116 252 170 XLII
268 100 275 105 ⁶
466 116 506 170 De
524 115 666 170 codicibus
686 114 890 196 manuscriptis.

242 284 332 343 Lond.
357 283 541 340 Burneianus
567 281 636 336 101.
667 278 711 335 oh.
735 270 776 334 4⁰.
808 277 835 334 S.
856 280 932 336 XVI.
970 282 1047 339 Ptol.
1072 283 1180 359 Porph.

175 364 271 452 (deest
294 363 436 448 prooem.)
483 367 545 425 (lat.
569 365 641 422 New
662 367 751 422 sesses
775 356 891 443 (1840)
914 367 1013 427 1143.

243 460 333 517 Lond.
357 459 446 515 Burn.
469 456 538 512 102.
571 451 614 509 ch.
638 451 688 509 fol.
713 451 741 509 S.
756 451 833 509 XVI.
871 453 946 511 Ptol.
971 473 1037 512 cum
1061 459 1180 517 scholiis

173 546 385 622 marginalibus
409 547 440 598 et
461 539 699 598 interlinearibus
721 532 772 619 (cf.
797 540 883 598 Barb.
910 535 1023 621 1186).
1070 544 1107 601 11).
1128 549 1178 602 44.

242 631 331 689 Lond.
356 630 445 685 Bum.
468 629 537 687 103.
574 628 617 686 ch.
641 628 691 687 iol.
716 628 743 686 S.
765 628 842 686 XVI.
885 628 991 704 Porph.
1022 621 1082 709 (tit.
1112 650 1130 687 a
1159 635 1176 688 2

173 737 263 776 manu
285 709 437 796 Bryeuni).
483 716 521 774 ih.
544 720 595 774 44.

241 807 312 863 Mus.
337 805 410 863 Brit.
433 805 499 864 add.
522 808 644 866 19353.
676 809 719 866 ch.
739 808 789 866 fol.
810 806 837 865 S.
853 807 929 865 XVI.
968 807 1047 882 Arx„
1071 807 1178 883 Porph.

172 895 203 950 in
228 893 294 951 let
318 894 358 969 11,
382 893 457 970 Aa,
485 895 619 972 Alypius.
665 895 726 955 Cal.
754 897 789 969 of
807 898 954 955 alditioas
981 896 1023 953 IV
1051 891 1177 977 (1868).

171 1002 199 1056 p.
220 977 306 1041 225.¹

100 1074 155 1140 (50)
240 1072 487 1150 Lugdunensis
496 1065 707 1153 (Batavomm)
722 1092 748 1129 n.
760 1074 800 1130 47
813 1071 1029 1150 Scaligeranus‚
1040 1073 1132 1132 chart
1144 1067 1178 1133 4⁰

171 1160 240 1218 min.
272 1161 299 1219 S.
320 1160 390 1218 XVI
419 1162 509 1219 variis
537 1161 672 1219 manibus
704 1161 838 1234 scriptus.
893 1163 1008 1219 insunt:
1040 1163 1177 1237 Alypius,

171 1249 284 1308 Nicom.
308 1248 604 1322 1111.,An.,AQ.‚
628 1249 784 1322 Bacchius,
808 1249 968 1325 Dionysius
992 1242 1053 1329 (Ps.
1070 1251 1175 1310 Bacch.

171 1328 270 1417 Bell),
289 1338 392 1410 Anum,
410 1337 520 1412 hymni.
541 1369 582 1378 —
600 1336 664 1396 Hoc
682 1355 752 1395 usus
771 1340 817 1395 est
834 1338 1009 1396 Meibomius
1028 1339 1059 1395 in
1078 1358 1176 1396 recen-

172 1425 261 1483 sendo
285 1425 462 1484 musicorum
484 1428 630 1484 contextu
667 1425 699 1483 in
721 1426 831 1500 Alypio
855 1427 929 1484 nihil
952 1425 1012 1482 fere
1037 1425 1136 1483 differt
1159 1444 1177 1484 a

171 1512 215 1585 Μ,
238 1513 449 1572 Nicomachum
472 1532 586 1589 quoque
614 1505 687 1593 (duo
714 1516 783 1571 sunt
810 1506 905 1590 libril)
938 1532 974 1570 ex
1003 1512 1034 1569 M
1061 1513 1177 1572 familia

171 1602 310 1676 petivisse
343 1602 471 1674 videtur,
503 1600 593 1659 habet
628 1601 705 1658 enim
739 1602 967 1680 Πυθαγορικοῦ,
1004 1598 1177 1681 ἁρμονικῆς,

171 1677 302 1763 capitum
325 1707 460 1747 numeros
483 1689 514 1745 in
537 1688 640 1762 indice,
664 1690 766 1760 236,ss
786 1685 915 1767 ἐκείνων,
939 1700 971 1747 12
991 1686 1176 1768 ἠορέθησον,

173 1779 283 1850 237,8
309 1775 402 1855 παρὰ,
432 1788 462 1835 12
491 1776 627 1855 φορτίον,
654 1776 806 1851 multaque
835 1778 895 1835 alia
917 1797 993 1853 quae
1017 1780 1177 1837 concinunt

171 1884 237 1923 cum
260 1865 298 1922 M.
352 1865 430 1940 quod
457 1867 556 1923 autem
584 1864 702 1923 exhibet
728 1865 759 1922 in
787 1866 875 1924 titulo
903 1861 1049 1942 κεφάλαιον
1074 1864 1109 1926 ἐν
1136 1873 1175 1949 τῷ

170 1953 274 2036 πρώτῳ
297 1954 399 2036 βιβλίῳ
423 1945 513 2032 (quae
536 1972 591 2011 om.
611 1947 669 2034 Μ),
694 1957 775 2012 ortus
803 1955 920 2012 videtur
943 1975 978 2011 ex
1002 1955 1035 2013 U.
1062 1957 1174 2019 —Ab

169 2042 299 2100 Aristide
323 2045 397 2099 teste
420 2042 576 2101 Meibomio
600 2061 634 2099 ea
657 2043 811 2116 incipiunt,
836 2062 910 2117 quae
935 2044 1011 2099 alius
1035 2044 1174 2103 librarius

171 2132 295 2206 scripsit.

237 2220 396 2278 Bacchium
441 2222 539 2275 autem
580 2219 651 2276 mihi
693 2219 825 2292 persuasi
867 2220 993 2293 petitum
1035 2238 1097 2278 esse
1140 2241 1174 2279 ex

170 2309 236 2366 Par.
262 2310 345 2367 2532
381 2301 421 2388 (v.
449 2307 554 2365 Bacch.
582 2309 652 2384 Arg.
683 2309 775 2366 1890.
808 2300 864 2386 28)
895 2309 1030 2383 idemque
1061 2311 1174 2367 factum

170 2415 231 2454 esse
255 2398 285 2454 in
308 2397 425 2471 hymnis
448 2396 561 2453 invenit
583 2396 770 2453 Bellermann
793 2389 906 2477 (hymn.
924 2391 987 2477 18).
1023 2397 1055 2453 in
1077 2418 1174 2456 emen·

170 2485 267 2543 dando
287 2485 415 2542 Aristide
433 2484 614 2559 Meibomius,
638 2485 688 2560 qui
707 2485 840 2542 adhunc
860 2485 1081 2561 Scaligeranum
1101 2487 1174 2544 duos

170 2573 319 2630 Parisinus
347 2573 493 2647 adhibuit,
521 2576 610 2650 negat
632 2593 659 2648 p.
680 2574 743 2630 224
768 2573 917 2630 meliorem
941 2591 970 2630 se
994 2573 1036 2630 ihi
1059 2577 1173 2632 textum

170 2661 323 2719 invenisse.
374 2661 539 2718 adhibuisse
567 2661 684 2719 videtur
711 2661 741 2718 P.
763 2662 861 2733 2532,
891 2662 916 2718 is
946 2661 1025 2718 enim
1055 2664 1175 2721 exhibet

170 2750 393 2827 diagrammatis
416 2750 446 2806 in
469 2750 517 2807 17
537 2750 609 2806 duas
629 2751 748 2823 formas
768 2768 840 2823 quas
860 2749 1034 2808 Meibomius
1053 2751 1178 2810 indicat¹

170 2839 216 2895 sin
243 2858 312 2897 vero
335 2858 370 2894 ne
393 2838 424 2894 in
447 2837 585 2895 Aristidis
609 2837 726 2912 quidem
750 2837 845 2895 verbis
868 2842 898 2896 et
920 2840 1023 2896 formis
1047 2841 1173 2897 multum

168 2927 292 2984 interest
314 2926 392 2982 inter
412 2927 489 2984 hunc
512 2926 603 3002 Lugd.
628 2930 658 2983 et
680 2926 764 2983 illum
783 2927 858 2999 Par,
882 2945 982 2985 omnes
1000 2928 1054 2984 has
1073 2932 1173 3001 partes

170 3015 207 3072 ab
230 3014 359 3072 Aristide
387 3032 477 3088 usque
506 3015 544 3071 ad
566 3015 690 3088 hymnos
714 3013 895 3091 Scaligerani
919 3015 1074 3072 librarium
1097 3018 1173 3090 peti·

170 3103 245 3160 visse
269 3102 401 3176 suspicor
422 3121 457 3159 ex
479 3102 544 3160 Par.
561 3104 654 3160 2532.

242 3331 255 3377 1
279 3323 420 3378 Londinus
444 3322 616 3377 Burneianus
640 3329 699 3378 124.
732 3322 758 3378 S.
777 3323 862 3378 XVII.
905 3324 1030 3378 continet
1047 3341 1172 3393 paucae

168 3395 305 3477 Porphyri
324 3393 534 3476 'commentario
562 3397 699 3477 excerpta.
719 3392 803 3475 ι0111.Ι
819 3412 845 3463 p.
864 3400 906 3448 48.
948 3395 989 3448 οο
1016 3394 1172 3450 Ptolemaei

169 3466 265 3522 codice
283 3484 331 3534 qur
350 3465 417 3520 olim
435 3465 491 3519 furt
508 3465 585 3518 Laud
604 3465 804 3535 archiepiscopi
823 3483 848 3519 v.
868 3469 923 3534 (90)
942 3464 991 3520 01.
1010 3465 1073 3520 loh.
