2466 3870
117 115 256 173 LXXVIII
414 76 457 173 De
474 88 619 173 codicibus
636 72 841 191 manuscriptis.
865 71 868 77 Ι
991 116 997 123 ’

77 294 104 337 Β.
120 288 251 344 extrema
276 284 350 343 folia
377 284 517 342 exaravit.
566 282 710 341 conflatus
735 274 836 343 autem
863 306 925 347 esse
948 290 1067 350 videtur
1089 311 1127 351 ex

77 368 104 435 3)
118 373 288 447 archetypis
310 371 440 429 diversis.
485 369 735 428 Aristoxenum
759 371 878 445 quidem
900 396 916 433 ε
938 376 1054 439 duobus
1076 380 1125 439 vel

115 460 249 536 pluribus
272 457 403 516 fontibus
425 457 552 532 petitum
574 459 661 532 putat
680 458 841 533 Marquard
857 461 1125 542 xxv-XXVIII,

115 552 150 606 ut
168 546 313 622 principia
332 546 394 604 sive
408 545 508 605 archai
521 536 593 625 (erpi
607 552 665 605 τῶν
678 542 746 623 ἆρμ.
760 540 865 629 croix.)
881 551 1041 611 ooncInant
1054 573 1123 613 cnm

115 627 188 714 (36)
203 633 280 692 Rioo.
296 637 326 691 et
339 633 367 691 U
385 634 466 693 otiis
483 652 559 710 quae
578 634 608 695 in
626 634 657 693 M
674 638 780 710 postea
796 637 913 695 inhosa
931 642 1037 713 essent,
1056 640 1123 715 ipsa

115 725 215 780 eutem
243 722 388 781 elementa
413 723 522 782 hausta
547 723 609 783 sint
635 744 651 783 e
678 723 746 784 Vat.
768 728 839 785 191.
860 756 902 765 -
920 725 1123 786 Ptolemaei

114 810 249 869 dochino
275 812 430 887 permultis
457 812 576 873 scholiis
602 816 709 875 ornata
738 819 796 889 est,
827 832 952 891 quorum
980 832 1050 891 pars
1076 815 1122 873 in·

114 899 224 974 scripta
247 904 293 960 est
315 901 392 961 iuter
413 901 493 978 ipsas
515 903 609 963 lineas
630 894 732 986 (Ὅρος
749 900 921 983 ἁρμονικῆς.
944 904 1013 963 dein
1032 922 1123 981 super

113 986 254 1067 δύναμιςτ
277 987 346 1069 ἵξις,
368 1010 456 1067 super
476 987 545 1065 όξάε
567 988 714 1064 ὀξυτάτων
731 989 782 1052 καλ
800 992 971 1073 βαρυτάτων
989 992 1070 1054 τάσει
1087 990 1121 1052 ἐν

112 1088 242 1165 μουσικῇ
259 1083 359 1140 καλεῖν
376 1078 527 1158 εἰώθασιν,
544 1083 649 1157 postea
666 1078 736 1161 ὅρος
752 1078 867 1157 ψόφου.
890 1100 979 1157 super
991 1084 1120 1160 πλησσο·

113 1163 218 1245 μόνον
248 1166 285 1228 οὗ
313 1166 466 1248 semime
490 1163 512 1246 i
537 1166 699 1247 θειότης,
730 1165 803 1228 ἀλλὰ
831 1170 935 1246 πλῆξε
963 1168 1120 1248 νεανικὴ

113 1248 255 1338 δηλαδή),
282 1274 352 1332 pars
378 1257 410 1316 iu
436 1256 585 1335 margine,
617 1259 652 1316 ut
677 1254 754 1333 ὼιοή
786 1255 842 1333 ὕλη
885 1256 987 1330 πάθος

674 1343 760 1424 λόγος
782 1337 861 1416 εἶδος
884 1344 988 1405 αἴτιον.
1034 1346 1118 1405 aliud

113 1434 245 1494 scholion
277 1435 309 1493 in
339 1433 437 1493 media
467 1434 578 1510 pagina
605 1432 703 1508 prima
731 1431 786 1492 sub
814 1433 881 1508 ipsa
911 1432 1048 1492 doctrina
1075 1434 1121 1491 in·

113 1523 256 1599 scriptum
287 1522 404 1598 incipit:
437 1518 496 1581 Καὶ
522 1519 554 1580 τό
580 1518 675 1600 νεαρόν
702 1518 819 1599 βιβλίον
846 1518 1038 1599 διωρθώσατο
1068 1518 1119 1580 καλ

112 1608 298 1690 ἀνεπλήρωσε
334 1607 385 1670 καλ
418 1604 603 1688 ἡρμήνευσεν
638 1603 655 1666 ό
688 1604 854 1685 φιλόσοφος
886 1607 1064 1688 Νικήφορος
1102 1606 1118 1669 ὁ

111 1702 273 1779 Γρηγορᾶς.
318 1695 335 1758 ό
360 1695 416 1777 γάρ
442 1694 553 1776 μακρός
579 1693 684 1776 χρόνος
711 1695 835 1773 φαύλων
858 1693 997 1775 γραφέων
1018 1694 1119 1777 γερσλν

112 1784 143 1859 ἐς
171 1784 311 1866 διαδοχὴν
338 1793 390 1864 τῆς
417 1784 522 1864 βίβλου
547 1782 728 1864 χρησάμενος
755 1782 791 1843 τὰ
816 1780 869 1862 μὲν
892 1782 924 1844 ἐκ
946 1794 1000 1847 τοῦ
1022 1782 1118 1864 ‹topa-

93 1878 183 1946 ’λοῦς
210 1872 252 1946 εἰς
280 1873 312 1935 τὸ
339 1871 485 1952 σφαλερὸν
510 1871 679 1952 μετήνεγκε,
706 1870 741 1932 τὰ
764 1869 796 1932 δὲ
819 1869 945 1950 ἀμαθῶς
968 1871 1117 1949 διακόψας

111 1961 145 2024 ἐκ
172 1960 261 2040 μέσον
290 1960 456 2038 πεποίηκεν.
501 1961 578 2020 falsa
600 1962 692 2038 igitur
717 1964 748 2019 et
770 1961 887 2036 perdito
910 1980 940 2020 se
962 1963 1118 2021 restitutu-

112 2072 177 2111 rum
205 2052 355 2128 promittit
378 2049 530 2128 Gregoras.
575 2050 607 2108 iu
629 2050 719 2108 tertia
742 2050 860 2108 demum
882 2051 1009 2128 paginae
1033 2055 1119 2127 parte

112 2141 372 2217 interpretationes
394 2139 551 2214 inscriptae
575 2142 655 2197 sunt:
679 2141 747 2197 Τῶν
769 2136 801 2198 ἐν
824 2143 885 2209 τοῖς
904 2137 1019 2215 ψόφοις
1036 2132 1117 2199 εἶπεν

111 2227 162 2289 καὶ
189 2227 255 2308 οὐχὶ
280 2226 313 2288 ἐν
340 2233 403 2299 ταῖς
426 2231 541 2305 φωναῖς
561 2231 620 2286 κτλ.
644 2230 675 2285 et
697 2227 735 2285 ad
758 2223 914 2304 ἁρμονίας·
959 2226 1018 2305 Μὴ
1041 2220 1117 2287 εἶναι

112 2315 255 2397 άρμουόας
291 2316 424 2396 κριτικὴν
460 2314 515 2392 τὴν
546 2314 688 2393 αἴσθησιν
724 2313 796 2374 ἀλλὰ
832 2324 884 2375 τοῦ
919 2311 1115 2395 ἡρμοσμένον.

112 2407 290 2466 scholiorum
313 2407 403 2465 etiam
426 2406 579 2464 thesaums
601 2406 658 2464 huc
681 2405 808 2463 collatus
830 2423 892 2463 esse
916 2405 1034 2463 videtur
1056 2405 1118 2480 ple·

111 2495 257 2554 missimus.
299 2495 334 2554 cf.
359 2494 411 2553 Bb.
430 2494 461 2551 11
480 2496 520 2553 94
544 2496 575 2552 et
591 2494 669 2552 Mon.
690 2485 777 2574 200).
799 2526 839 2534 -
859 2493 906 2551 Ad
929 2493 1117 2553 Plutarchi

112 2583 202 2642 verba
229 2583 412 2641 emendanda
438 2582 517 2641 haud
543 2582 669 2640 multum
693 2581 877 2639 Studemund
899 2582 1020 2657 putavit
1041 2582 1120 2641 hunc

111 2672 211 2731 valere
240 2664 355 2753 (Amsel
380 2664 471 2753 155),
500 2689 679 2746 quamquam
708 2670 808 2746 plures
838 2670 952 2729 oodIoos
979 2670 1118 2729 hbrarius

112 2761 315 2821 consuluisset
331 2793 372 2801 —
387 2760 412 2818 II
427 2760 579 2819 Theonis
593 2779 616 2819 c.
630 2761 669 2817 12
684 2760 794 2818 transit
807 2759 845 2816 ed
859 2759 1010 2836 isagogen,
1027 2777 1119 2834 quam

112 2850 246 2909 vindicat
267 2850 387 2925 Pappo
414 2841 456 2931 (v.
484 2869 511 2925 p.
533 2851 593 2907 171
621 2851 652 2906 et
673 2866 696 2906 c.
719 2840 805 2928 118).
851 2847 928 2907 hanc
954 2853 1072 2923 partem
1100 2867 1118 2906 a

113 2937 196 2997 Stud.
224 2956 283 2996 uon
306 2956 456 2997 excussam
478 2937 572 2995 I'ranz
594 2955 709 2995 summa
731 2935 888 3013 diligentia
906 2937 1119 3011 transscripsit,

112 3030 144 3085 et
174 3026 302 3085 Parisini
338 3026 496 3103 propinqui
527 3025 667 3083 lectiones
699 3043 765 3083 cum
798 3024 936 3083 adhibere
968 3042 1069 3100 posses
1103 3046 1118 3083 c

113 3114 244 3175 Cramer-i
258 3115 418 3189 anecdotis,
436 3113 666 3192 Hamburgensis
680 3116 781 3171 autem
795 3114 890 3171 sonna
905 3131 923 3170 a
936 3113 1119 3190 Kiessliugio

113 3206 235 3264 enotata
261 3204 334 3262 mihi
361 3203 509 3262 videretur
535 3195 682 3276 inferior-¹,
705 3201 852 3277 specimen
875 3201 962 3260 huius
985 3202 1119 3260 familiae

112 3293 207 3369 petivi
236 3312 271 3351 ex
293 3292 380 3351 Barb.
426 3294 541 3366 patrem
568 3289 687 3365 quidem
714 3290 801 3348 huius
829 3289 940 3348 ordinis
965 3291 1120 3367 putaveris

112 3413 324 3423 ——--·——-——-

185 3479 245 3534 111
264 3479 371 3534 omittit
391 3482 448 3544 188,
463 3493 545 3533 e-m.
