<?xml version="1.0" encoding="UTF-8"?>
<!DOCTYPE html PUBLIC "-//W3C//DTD XHTML 1.0 Transitional//EN"
    "http://www.w3.org/TR/xhtml1/DTD/xhtml1-transitional.dtd">
<html xmlns="http://www.w3.org/1999/xhtml" xml:lang="en" lang="en">
 <head>
  <title>
</title>
<meta http-equiv="Content-Type" content="text/html;charset=utf-8" />
  <meta name='ocr-system' content='tesseract 3.04.00' />
  <meta name='ocr-capabilities' content='ocr_page ocr_carea ocr_par ocr_line ocrx_word'/>
</head>
<body>
  <div class='ocr_page' id='page_1' title='image "./musiciscriptore00jangoog_0348.png"; bbox 0 0 2466 3870; ppageno 0'>
   <div class='ocr_carea' id='block_1_1' title="bbox 439 116 1184 188">
    <p class='ocr_par' dir='ltr' id='par_1_1' title="bbox 439 116 1184 188">
     <span class='ocr_line' id='line_1_1' title="bbox 439 116 1184 188; baseline 0.013 -19"><span class='ocrx_word' id='word_1_1' title='bbox 439 116 623 173; x_wconf 81' lang='lat' dir='ltr'><strong>enchiridion.</strong></span> <span class='ocrx_word' id='word_1_2' title='bbox 657 124 721 173; x_wconf 66' lang='grc' dir='ltr'><strong><em>σο.</em></strong></span> <span class='ocrx_word' id='word_1_3' title='bbox 750 138 777 188; x_wconf 77' lang='lat' dir='ltr'><strong><em>p.</em></strong></span> <span class='ocrx_word' id='word_1_4' title='bbox 794 124 907 172; x_wconf 77' lang='lat'>10-1‘2.</span> <span class='ocrx_word' id='word_1_5' title='bbox 1121 116 1184 178; x_wconf 79' lang='lat'><strong><em>247</em></strong></span> 
     </span>
    </p>
   </div>
   <div class='ocr_carea' id='block_1_2' title="bbox 138 278 1189 1117">
    <p class='ocr_par' dir='ltr' id='par_1_2' title="bbox 138 278 1189 1117">
     <span class='ocr_line' id='line_1_2' title="bbox 164 278 1189 369; baseline 0 -22"><span class='ocrx_word' id='word_1_6' title='bbox 164 281 260 364; x_wconf 89' lang='grc' dir='ltr'><strong><em>λαγή,</em></strong></span> <span class='ocrx_word' id='word_1_7' title='bbox 282 279 474 364; x_wconf 76' lang='grc' dir='ltr'><strong><em>ἀπαρτήσας</em></strong></span> <span class='ocrx_word' id='word_1_8' title='bbox 497 280 659 368; x_wconf 85' lang='grc' dir='ltr'><strong><em>τέσσαρας</em></strong></span> <span class='ocrx_word' id='word_1_9' title='bbox 682 285 830 368; x_wconf 88' lang='grc' dir='ltr'><strong><em>χορδάς</em></strong></span> <span class='ocrx_word' id='word_1_10' title='bbox 853 281 1020 369; x_wconf 83' lang='grc' dir='ltr'><strong><em>ὁμοῦλους</em></strong></span> <span class='ocrx_word' id='word_1_11' title='bbox 1041 278 1098 347; x_wconf 79' lang='grc' dir='ltr'><strong><em>καί</em></strong></span> <span class='ocrx_word' id='word_1_12' title='bbox 1117 283 1189 347; x_wconf 85' lang='grc' dir='ltr'><strong><em>ίσο-</em></strong></span> 
     </span>
     <span class='ocr_line' id='line_1_3' title="bbox 164 386 1184 477; baseline 0.002 -24"><span class='ocrx_word' id='word_1_13' title='bbox 164 386 309 469; x_wconf 80' lang='grc' dir='ltr'><strong><em>κάλους,</em></strong></span> <span class='ocrx_word' id='word_1_14' title='bbox 341 386 512 474; x_wconf 77' lang='grc' dir='ltr'><strong><em>ίσοποιχείς</em></strong></span> <span class='ocrx_word' id='word_1_15' title='bbox 541 412 579 455; x_wconf 88' lang='grc' dir='ltr'><strong><em>τε</em></strong></span> <span class='ocrx_word' id='word_1_16' title='bbox 609 387 668 455; x_wconf 80' lang='grc' dir='ltr'><strong><em>καὶ</em></strong></span> <span class='ocrx_word' id='word_1_17' title='bbox 700 392 926 477; x_wconf 88' lang='grc' dir='ltr'><strong><em>ίσοστρόφους</em></strong></span> <span class='ocrx_word' id='word_1_18' title='bbox 957 386 1100 475; x_wconf 78' lang='grc' dir='ltr'><strong><em>ἑκάστην</em></strong></span> <span class='ocrx_word' id='word_1_19' title='bbox 1129 386 1184 475; x_wconf 83' lang='grc' dir='ltr'><strong><em>ἐφ’</em></strong></span> 
     </span>
     <span class='ocr_line' id='line_1_4' title="bbox 165 489 1188 583; baseline 0.004 -24"><span class='ocrx_word' id='word_1_20' title='bbox 165 489 302 577; x_wconf 76' lang='grc' dir='ltr'><strong><em>ἑκάστης</em></strong></span> <span class='ocrx_word' id='word_1_21' title='bbox 326 490 521 583; x_wconf 82' lang='grc' dir='ltr'><strong><em>ἐξήρτησεν,</em></strong></span> <span class='ocrx_word' id='word_1_22' title='bbox 546 494 652 578; x_wconf 79' lang='grc' dir='ltr'><strong><em>ὁλκήν</em></strong></span> <span class='ocrx_word' id='word_1_23' title='bbox 673 495 867 579; x_wconf 70' lang='grc' dir='ltr'><strong><em>προσδήσας</em></strong></span> <span class='ocrx_word' id='word_1_24' title='bbox 889 496 926 561; x_wconf 85' lang='grc' dir='ltr'><strong><em>ἐκ</em></strong></span> <span class='ocrx_word' id='word_1_25' title='bbox 947 505 1010 563; x_wconf 80' lang='grc' dir='ltr'><strong><em>τοῦ</em></strong></span> <span class='ocrx_word' id='word_1_26' title='bbox 1032 494 1188 563; x_wconf 88' lang='grc' dir='ltr'><strong><em>κάτωθεν</em></strong></span> 
     </span>
     <span class='ocr_line' id='line_1_5' title="bbox 164 596 1189 688; baseline 0.003 -22"><span class='ocrx_word' id='word_1_27' title='bbox 164 596 294 687; x_wconf 90' lang='grc' dir='ltr'><strong><em>μέρους.</em></strong></span> <span class='ocrx_word' id='word_1_28' title='bbox 341 602 383 667; x_wconf 85' lang='grc' dir='ltr'><strong><em>τά</em></strong></span> <span class='ocrx_word' id='word_1_29' title='bbox 415 598 455 669; x_wconf 70' lang='grc' dir='ltr'><strong><em>δέ</em></strong></span> <span class='ocrx_word' id='word_1_30' title='bbox 480 602 568 688; x_wconf 86' lang='grc' dir='ltr'><strong><em>μήκη</em></strong></span> <span class='ocrx_word' id='word_1_31' title='bbox 594 610 664 665; x_wconf 82' lang='grc' dir='ltr'><strong><em>τῶν</em></strong></span> <span class='ocrx_word' id='word_1_32' title='bbox 690 602 826 685; x_wconf 81' lang='grc' dir='ltr'><strong><em>χορδῶν</em></strong></span> <span class='ocrx_word' id='word_1_33' title='bbox 851 600 1127 687; x_wconf 76' lang='grc' dir='ltr'><strong><em>μηχανησάμενος</em></strong></span> <span class='ocrx_word' id='word_1_34' title='bbox 1152 602 1189 669; x_wconf 90' lang='grc' dir='ltr'><strong><em>ἐκ</em></strong></span> 
     </span>
     <span class='ocr_line' id='line_1_6' title="bbox 138 702 1189 793; baseline 0.002 -18"><span class='ocrx_word' id='word_1_35' title='bbox 138 708 289 787; x_wconf 83' lang='grc' dir='ltr'><strong><em>ιπαυτδς</em></strong></span> <span class='ocrx_word' id='word_1_36' title='bbox 319 711 487 791; x_wconf 77' lang='grc' dir='ltr'><strong><em>ἰσαίτατα,</em></strong></span> <span class='ocrx_word' id='word_1_37' title='bbox 518 702 590 773; x_wconf 82' lang='grc' dir='ltr'><strong><em>εἶτα</em></strong></span> <span class='ocrx_word' id='word_1_38' title='bbox 618 708 754 791; x_wconf 79' lang='grc' dir='ltr'><strong><em>κρούων</em></strong></span> <span class='ocrx_word' id='word_1_39' title='bbox 781 707 847 775; x_wconf 89' lang='grc' dir='ltr'><strong><em>ἀνά</em></strong></span> <span class='ocrx_word' id='word_1_40' title='bbox 875 708 939 774; x_wconf 90' lang='grc' dir='ltr'><strong><em>δύο</em></strong></span> <span class='ocrx_word' id='word_1_41' title='bbox 970 708 1038 793; x_wconf 79' lang='grc' dir='ltr'><strong><em>ἅμα</em></strong></span> <span class='ocrx_word' id='word_1_42' title='bbox 1064 710 1189 793; x_wconf 88' lang='grc' dir='ltr'><strong><em>χορδάς</em></strong></span> 
     </span>
     <span class='ocr_line' id='line_1_7' title="bbox 165 810 1188 902; baseline 0.001 -22"><span class='ocrx_word' id='word_1_43' title='bbox 165 810 305 893; x_wconf 74' lang='grc' dir='ltr'><strong><em>ἐναλλάξ</em></strong></span> <span class='ocrx_word' id='word_1_44' title='bbox 331 817 532 901; x_wconf 82' lang='grc' dir='ltr'><strong><em>συμφωνίας</em></strong></span> <span class='ocrx_word' id='word_1_45' title='bbox 559 814 694 901; x_wconf 78' lang='grc' dir='ltr'><strong><em>εὕρισκε</em></strong></span> <span class='ocrx_word' id='word_1_46' title='bbox 719 816 779 893; x_wconf 92' lang='grc' dir='ltr'><strong><em>τάς</em></strong></span> <span class='ocrx_word' id='word_1_47' title='bbox 799 818 1057 902; x_wconf 84' lang='grc' dir='ltr'><strong><em>προλεχθείσας,</em></strong></span> <span class='ocrx_word' id='word_1_48' title='bbox 1078 816 1188 900; x_wconf 87' lang='grc' dir='ltr'><strong><em>ἀλλην</em></strong></span> 
     </span>
     <span class='ocr_line' id='line_1_8' title="bbox 164 918 1187 1009; baseline 0.005 -23"><span class='ocrx_word' id='word_1_49' title='bbox 164 918 203 987; x_wconf 85' lang='grc' dir='ltr'><strong><em>ἐν</em></strong></span> <span class='ocrx_word' id='word_1_50' title='bbox 232 922 317 1008; x_wconf 80' lang='grc' dir='ltr'><strong><em>άλλη</em></strong></span> <span class='ocrx_word' id='word_1_51' title='bbox 345 923 495 1009; x_wconf 72' lang='grc' dir='ltr'><strong><em>συζυγίᾳ.</em></strong></span> <span class='ocrx_word' id='word_1_52' title='bbox 549 922 613 1007; x_wconf 83' lang='grc' dir='ltr'><strong><em>τήν</em></strong></span> <span class='ocrx_word' id='word_1_53' title='bbox 644 919 707 1007; x_wconf 64' lang='grc' dir='ltr'><strong><em>μέν</em></strong></span> <span class='ocrx_word' id='word_1_54' title='bbox 739 923 803 1009; x_wconf 79' lang='grc' dir='ltr'><strong><em>γὰρ</em></strong></span> <span class='ocrx_word' id='word_1_55' title='bbox 835 922 902 989; x_wconf 81' lang='grc' dir='ltr'><strong><em>ὑπὸ</em></strong></span> <span class='ocrx_word' id='word_1_56' title='bbox 934 932 996 989; x_wconf 87' lang='grc' dir='ltr'><strong><em>τοῦ</em></strong></span> <span class='ocrx_word' id='word_1_57' title='bbox 1027 926 1187 1008; x_wconf 89' lang='grc' dir='ltr'><strong><em>μεγίστου</em></strong></span> 
     </span>
     <span class='ocr_line' id='line_1_9' title="bbox 163 1024 1188 1117; baseline 0.005 -24"><span class='ocrx_word' id='word_1_58' title='bbox 163 1024 383 1113; x_wconf 80' lang='grc' dir='ltr'><strong><em>ἐξαρτήματος</em></strong></span> <span class='ocrx_word' id='word_1_59' title='bbox 404 1026 603 1113; x_wconf 84' lang='grc' dir='ltr'><strong><em>τεινομένην</em></strong></span> <span class='ocrx_word' id='word_1_60' title='bbox 625 1030 710 1113; x_wconf 86' lang='grc' dir='ltr'><strong><em>πρὸς</em></strong></span> <span class='ocrx_word' id='word_1_61' title='bbox 731 1029 794 1113; x_wconf 85' lang='grc' dir='ltr'><strong><em>τήν</em></strong></span> <span class='ocrx_word' id='word_1_62' title='bbox 815 1028 882 1097; x_wconf 76' lang='grc' dir='ltr'><strong><em>ἀπὸ</em></strong></span> <span class='ocrx_word' id='word_1_63' title='bbox 903 1038 967 1094; x_wconf 87' lang='grc' dir='ltr'><strong><em>τοῦ</em></strong></span> <span class='ocrx_word' id='word_1_64' title='bbox 984 1030 1188 1117; x_wconf 82' lang='grc' dir='ltr'><strong><em>μικροτάτου</em></strong></span> 
     </span>
    </p>
   </div>
   <div class='ocr_carea' id='block_1_3' title="bbox 127 1128 1188 1332">
    <p class='ocr_par' dir='ltr' id='par_1_3' title="bbox 127 1128 1188 1332">
     <span class='ocr_line' id='line_1_10' title="bbox 165 1128 1188 1222; baseline 0.005 -23"><span class='ocrx_word' id='word_1_65' title='bbox 165 1128 211 1220; x_wconf 85' lang='grc' dir='ltr'><strong><em>(φ.</em></strong></span> <span class='ocrx_word' id='word_1_66' title='bbox 227 1132 285 1221; x_wconf 84' lang='grc'><strong><em>12)</em></strong></span> <span class='ocrx_word' id='word_1_67' title='bbox 307 1134 365 1201; x_wconf 86' lang='grc' dir='ltr'><strong><em>διά</em></strong></span> <span class='ocrx_word' id='word_1_68' title='bbox 386 1146 507 1201; x_wconf 77' lang='grc' dir='ltr'><strong><em>πασῶν</em></strong></span> <span class='ocrx_word' id='word_1_69' title='bbox 529 1134 770 1221; x_wconf 73' lang='grc' dir='ltr'><strong><em>φθεγγομένην</em></strong></span> <span class='ocrx_word' id='word_1_70' title='bbox 791 1134 1048 1222; x_wconf 77' lang='grc' dir='ltr'><strong><em>κατελάμβανεν.</em></strong></span> <span class='ocrx_word' id='word_1_71' title='bbox 1083 1131 1127 1221; x_wconf 76' lang='grc' dir='ltr'><strong><em>ἦν</em></strong></span> <span class='ocrx_word' id='word_1_72' title='bbox 1149 1134 1188 1205; x_wconf 72' lang='grc' dir='ltr'><strong><em>δέ</em></strong></span> 
     </span>
     <span class='ocr_line' id='line_1_11' title="bbox 127 1237 1187 1332; baseline -0.003 -19"><span class='ocrx_word' id='word_1_73' title='bbox 127 1238 186 1325; x_wconf 76' lang='grc' dir='ltr'><strong><em>ιοή</em></strong></span> <span class='ocrx_word' id='word_1_74' title='bbox 207 1237 271 1327; x_wconf 69' lang='grc' dir='ltr'><strong><em>μέν</em></strong></span> <span class='ocrx_word' id='word_1_75' title='bbox 293 1240 423 1309; x_wconf 82' lang='grc' dir='ltr'><strong><em>δώδεκά</em></strong></span> <span class='ocrx_word' id='word_1_76' title='bbox 444 1266 551 1309; x_wconf 89' lang='grc' dir='ltr'><strong><em>τινων</em></strong></span> <span class='ocrx_word' id='word_1_77' title='bbox 572 1242 695 1327; x_wconf 81' lang='grc' dir='ltr'><strong><em>όλκῶν,</em></strong></span> <span class='ocrx_word' id='word_1_78' title='bbox 716 1242 738 1327; x_wconf 81' lang='grc' dir='ltr'><strong><em>ή</em></strong></span> <span class='ocrx_word' id='word_1_79' title='bbox 762 1239 799 1309; x_wconf 72' lang='grc' dir='ltr'><strong><em>δὲ</em></strong></span> <span class='ocrx_word' id='word_1_80' title='bbox 820 1240 864 1323; x_wconf 71' lang='grc' dir='ltr'><strong><em>ἐξ.</em></strong></span> <span class='ocrx_word' id='word_1_81' title='bbox 904 1242 943 1309; x_wconf 91' lang='grc' dir='ltr'><strong><em>έν</em></strong></span> <span class='ocrx_word' id='word_1_82' title='bbox 960 1243 1126 1332; x_wconf 87' lang='grc' dir='ltr'><strong><em>διπλασίφ</em></strong></span> <span class='ocrx_word' id='word_1_83' title='bbox 1145 1245 1187 1329; x_wconf 82' lang='grc' dir='ltr'><strong><em>δή</em></strong></span> 
     </span>
    </p>
   </div>
   <div class='ocr_carea' id='block_1_4' title="bbox 120 1348 1188 3048">
    <p class='ocr_par' dir='ltr' id='par_1_4' title="bbox 120 1348 1188 3048">
     <span class='ocr_line' id='line_1_12' title="bbox 164 1348 1186 1439; baseline -0.001 -22"><span class='ocrx_word' id='word_1_84' title='bbox 164 1350 254 1439; x_wconf 77' lang='grc' dir='ltr'><strong><em>λόγφ</em></strong></span> <span class='ocrx_word' id='word_1_85' title='bbox 275 1348 442 1437; x_wconf 89' lang='grc' dir='ltr'><strong><em>ἀπέφαινε</em></strong></span> <span class='ocrx_word' id='word_1_86' title='bbox 458 1352 522 1437; x_wconf 83' lang='grc' dir='ltr'><strong><em>τήν</em></strong></span> <span class='ocrx_word' id='word_1_87' title='bbox 539 1352 598 1419; x_wconf 81' lang='grc' dir='ltr'><strong><em>διά</em></strong></span> <span class='ocrx_word' id='word_1_88' title='bbox 616 1360 745 1435; x_wconf 81' lang='grc' dir='ltr'><strong><em>πασῶν,</em></strong></span> <span class='ocrx_word' id='word_1_89' title='bbox 763 1350 846 1435; x_wconf 80' lang='grc' dir='ltr'><strong><em>ὅπερ</em></strong></span> <span class='ocrx_word' id='word_1_90' title='bbox 863 1349 919 1417; x_wconf 78' lang='grc' dir='ltr'><strong><em>καί</em></strong></span> <span class='ocrx_word' id='word_1_91' title='bbox 938 1350 1023 1417; x_wconf 79' lang='grc' dir='ltr'><strong><em>αὐτὰ</em></strong></span> <span class='ocrx_word' id='word_1_92' title='bbox 1039 1352 1081 1418; x_wconf 92' lang='grc' dir='ltr'><strong><em>τά</em></strong></span> <span class='ocrx_word' id='word_1_93' title='bbox 1099 1349 1186 1439; x_wconf 89' lang='grc' dir='ltr'><strong><em>βάρη</em></strong></span> 
     </span>
     <span class='ocr_line' id='line_1_13' title="bbox 162 1453 1188 1545; baseline 0 0"><span class='ocrx_word' id='word_1_94' title='bbox 162 1454 338 1545; x_wconf 58' lang='lat' dir='ltr'><strong><em>Mm-</em></strong></span> <span class='ocrx_word' id='word_1_95' title='bbox 385 1460 448 1545; x_wconf 68' lang='grc' dir='ltr'><strong><em>τὴν</em></strong></span> <span class='ocrx_word' id='word_1_96' title='bbox 481 1456 516 1524; x_wconf 70' lang='grc' dir='ltr'><strong><em>δ’</em></strong></span> <span class='ocrx_word' id='word_1_97' title='bbox 551 1453 597 1525; x_wconf 66' lang='grc' dir='ltr'><strong><em>αὖ</em></strong></span> <span class='ocrx_word' id='word_1_98' title='bbox 624 1462 786 1545; x_wconf 70' lang='grc' dir='ltr'><strong><em>μεγίστην</em></strong></span> <span class='ocrx_word' id='word_1_99' title='bbox 811 1458 896 1542; x_wconf 69' lang='grc' dir='ltr'><strong><em>τοὺς</em></strong></span> <span class='ocrx_word' id='word_1_100' title='bbox 920 1456 983 1541; x_wconf 72' lang='grc' dir='ltr'><strong><em>τήν</em></strong></span> <span class='ocrx_word' id='word_1_101' title='bbox 1008 1458 1099 1545; x_wconf 62' lang='grc' dir='ltr'><strong><em>τινὰ</em></strong></span> <span class='ocrx_word' id='word_1_102' title='bbox 1124 1459 1188 1544; x_wconf 67' lang='grc' dir='ltr'><strong><em>τήν</em></strong></span> 
     </span>
     <span class='ocr_line' id='line_1_14' title="bbox 162 1560 1187 1654; baseline 0 -21"><span class='ocrx_word' id='word_1_103' title='bbox 162 1564 365 1651; x_wconf 77' lang='grc' dir='ltr'><strong><em>μικροτάτην</em></strong></span> <span class='ocrx_word' id='word_1_104' title='bbox 385 1560 510 1654; x_wconf 81' lang='grc' dir='ltr'><strong><em>(οὖσαν</em></strong></span> <span class='ocrx_word' id='word_1_105' title='bbox 531 1565 619 1633; x_wconf 79' lang='grc' dir='ltr'><strong><em>ὀκτὼ</em></strong></span> <span class='ocrx_word' id='word_1_106' title='bbox 641 1562 768 1653; x_wconf 79' lang='grc' dir='ltr'><strong><em>όλκῶν)</em></strong></span> <span class='ocrx_word' id='word_1_107' title='bbox 790 1565 849 1632; x_wconf 80' lang='grc' dir='ltr'><strong><em>διά</em></strong></span> <span class='ocrx_word' id='word_1_108' title='bbox 865 1562 964 1631; x_wconf 84' lang='grc' dir='ltr'><strong><em>πέντε</em></strong></span> <span class='ocrx_word' id='word_1_109' title='bbox 981 1574 1187 1651; x_wconf 86' lang='grc' dir='ltr'><strong><em>συμφωνοῦ-</em></strong></span> 
     </span>
     <span class='ocr_line' id='line_1_15' title="bbox 163 1671 1186 1762; baseline 0 -23"><span class='ocrx_word' id='word_1_110' title='bbox 163 1688 243 1759; x_wconf 87' lang='grc' dir='ltr'><strong><em>σαν,</em></strong></span> <span class='ocrx_word' id='word_1_111' title='bbox 273 1674 377 1739; x_wconf 80' lang='grc' dir='ltr'><strong><em>ἐνθεν</em></strong></span> <span class='ocrx_word' id='word_1_112' title='bbox 406 1672 534 1758; x_wconf 77' lang='grc' dir='ltr'><strong><em>ταύτην</em></strong></span> <span class='ocrx_word' id='word_1_113' title='bbox 565 1671 752 1759; x_wconf 76' lang='grc' dir='ltr'><strong><em>ἀπέφαινεν</em></strong></span> <span class='ocrx_word' id='word_1_114' title='bbox 782 1672 821 1739; x_wconf 87' lang='grc' dir='ltr'><strong><em>έν</em></strong></span> <span class='ocrx_word' id='word_1_115' title='bbox 847 1671 989 1761; x_wconf 80' lang='grc' dir='ltr'><strong><em>ήμιολίφ</em></strong></span> <span class='ocrx_word' id='word_1_116' title='bbox 1015 1675 1122 1762; x_wconf 84' lang='grc' dir='ltr'><strong><em>λόγφ,</em></strong></span> <span class='ocrx_word' id='word_1_117' title='bbox 1147 1672 1186 1739; x_wconf 88' lang='grc' dir='ltr'><strong><em>έν</em></strong></span> 
     </span>
     <span class='ocr_line' id='line_1_16' title="bbox 124 1768 1186 1867; baseline -0.003 -16"><span class='ocrx_word' id='word_1_118' title='bbox 124 1768 252 1867; x_wconf 77' lang='grc' dir='ltr'><strong><em>πβπιρ</em></strong></span> <span class='ocrx_word' id='word_1_119' title='bbox 283 1775 339 1845; x_wconf 78' lang='grc' dir='ltr'><strong><em>καί</em></strong></span> <span class='ocrx_word' id='word_1_120' title='bbox 369 1778 408 1845; x_wconf 86' lang='grc' dir='ltr'><strong><em>αί</em></strong></span> <span class='ocrx_word' id='word_1_121' title='bbox 431 1777 530 1845; x_wconf 78' lang='grc' dir='ltr'><strong><em>ἀλκαὶ</em></strong></span> <span class='ocrx_word' id='word_1_122' title='bbox 554 1778 710 1864; x_wconf 77' lang='grc' dir='ltr'><strong><em>ὑπῆρχον</em></strong></span> <span class='ocrx_word' id='word_1_123' title='bbox 736 1780 822 1863; x_wconf 84' lang='grc' dir='ltr'><strong><em>πρὸς</em></strong></span> <span class='ocrx_word' id='word_1_124' title='bbox 847 1778 1004 1863; x_wconf 85' lang='grc' dir='ltr'><strong><em>ἀλλήλας·</em></strong></span> <span class='ocrx_word' id='word_1_125' title='bbox 1036 1780 1121 1867; x_wconf 88' lang='grc' dir='ltr'><strong><em>πρὸς</em></strong></span> <span class='ocrx_word' id='word_1_126' title='bbox 1147 1778 1186 1847; x_wconf 73' lang='grc' dir='ltr'><strong><em>δὲ</em></strong></span> 
     </span>
     <span class='ocr_line' id='line_1_17' title="bbox 162 1883 1185 1977; baseline 0.003 -25"><span class='ocrx_word' id='word_1_127' title='bbox 162 1885 225 1971; x_wconf 79' lang='grc' dir='ltr'><strong><em>τήν</em></strong></span> <span class='ocrx_word' id='word_1_128' title='bbox 240 1884 316 1971; x_wconf 80' lang='grc' dir='ltr'><strong><em>μεθ’</em></strong></span> <span class='ocrx_word' id='word_1_129' title='bbox 340 1884 463 1972; x_wconf 80' lang='grc' dir='ltr'><strong><em>ἑαυτήν</em></strong></span> <span class='ocrx_word' id='word_1_130' title='bbox 480 1883 543 1973; x_wconf 74' lang='grc' dir='ltr'><strong><em>μὲν</em></strong></span> <span class='ocrx_word' id='word_1_131' title='bbox 560 1894 608 1977; x_wconf 77' lang='grc' dir='ltr'><strong><em>νβ</em></strong></span> <span class='ocrx_word' id='word_1_132' title='bbox 627 1887 734 1972; x_wconf 88' lang='grc' dir='ltr'><strong><em>βάρει,</em></strong></span> <span class='ocrx_word' id='word_1_133' title='bbox 751 1897 820 1951; x_wconf 81' lang='grc' dir='ltr'><strong><em>τῶν</em></strong></span> <span class='ocrx_word' id='word_1_134' title='bbox 838 1883 875 1953; x_wconf 76' lang='grc' dir='ltr'><strong><em>δὲ</em></strong></span> <span class='ocrx_word' id='word_1_135' title='bbox 894 1891 1023 1954; x_wconf 79' lang='grc' dir='ltr'><strong><em>λοιπῶν</em></strong></span> <span class='ocrx_word' id='word_1_136' title='bbox 1040 1891 1185 1973; x_wconf 67' lang='grc' dir='ltr'><strong><em>μειζουα,</em></strong></span> 
     </span>
     <span class='ocr_line' id='line_1_18' title="bbox 163 1990 1184 2080; baseline 0.003 -21"><span class='ocrx_word' id='word_1_137' title='bbox 163 1990 260 2060; x_wconf 89' lang='grc' dir='ltr'><strong><em>έννέα</em></strong></span> <span class='ocrx_word' id='word_1_138' title='bbox 283 2000 444 2080; x_wconf 77' lang='grc' dir='ltr'><strong><em>σταθμῶν</em></strong></span> <span class='ocrx_word' id='word_1_139' title='bbox 464 1992 699 2080; x_wconf 79' lang='grc' dir='ltr'><strong><em>ὑπάρχουσαν,</em></strong></span> <span class='ocrx_word' id='word_1_140' title='bbox 724 1994 787 2078; x_wconf 85' lang='grc' dir='ltr'><strong><em>τήν</em></strong></span> <span class='ocrx_word' id='word_1_141' title='bbox 810 1994 868 2060; x_wconf 92' lang='grc' dir='ltr'><strong><em>διά</em></strong></span> <span class='ocrx_word' id='word_1_142' title='bbox 889 1992 1077 2080; x_wconf 87' lang='grc' dir='ltr'><strong><em>τεσσάρων,</em></strong></span> <span class='ocrx_word' id='word_1_143' title='bbox 1104 1995 1184 2062; x_wconf 88' lang='grc' dir='ltr'><strong><em>ἀνα-</em></strong></span> 
     </span>
     <span class='ocr_line' id='line_1_19' title="bbox 163 2099 1184 2188; baseline 0.002 -22"><span class='ocrx_word' id='word_1_144' title='bbox 163 2102 269 2185; x_wconf 83' lang='grc' dir='ltr'><strong><em>λόγως</em></strong></span> <span class='ocrx_word' id='word_1_145' title='bbox 286 2112 357 2178; x_wconf 78' lang='grc' dir='ltr'><strong><em>τοῖς</em></strong></span> <span class='ocrx_word' id='word_1_146' title='bbox 377 2104 522 2186; x_wconf 80' lang='grc' dir='ltr'><strong><em>βρίθεσι.</em></strong></span> <span class='ocrx_word' id='word_1_147' title='bbox 554 2099 610 2167; x_wconf 81' lang='grc' dir='ltr'><strong><em>καὶ</em></strong></span> <span class='ocrx_word' id='word_1_148' title='bbox 630 2102 755 2184; x_wconf 84' lang='grc' dir='ltr'><strong><em>ταύτην</em></strong></span> <span class='ocrx_word' id='word_1_149' title='bbox 774 2102 816 2185; x_wconf 85' lang='grc' dir='ltr'><strong><em>δή</em></strong></span> <span class='ocrx_word' id='word_1_150' title='bbox 835 2101 1004 2186; x_wconf 80' lang='grc' dir='ltr'><strong><em>ἐπίτριτον</em></strong></span> <span class='ocrx_word' id='word_1_151' title='bbox 1023 2102 1184 2188; x_wconf 85' lang='grc' dir='ltr'><strong><em>ἀντικρυς</em></strong></span> 
     </span>
     <span class='ocr_line' id='line_1_20' title="bbox 161 2206 1183 2294; baseline 0.003 -21"><span class='ocrx_word' id='word_1_152' title='bbox 161 2209 436 2293; x_wconf 87' lang='grc' dir='ltr'><strong><em>κατελαμβάνετο,</em></strong></span> <span class='ocrx_word' id='word_1_153' title='bbox 458 2208 616 2294; x_wconf 82' lang='grc' dir='ltr'><strong><em>ἡμιολίαν</em></strong></span> <span class='ocrx_word' id='word_1_154' title='bbox 639 2211 701 2292; x_wconf 85' lang='grc' dir='ltr'><strong><em>τήν</em></strong></span> <span class='ocrx_word' id='word_1_155' title='bbox 720 2209 825 2291; x_wconf 83' lang='grc' dir='ltr'><strong><em>αὐτὴν</em></strong></span> <span class='ocrx_word' id='word_1_156' title='bbox 845 2208 946 2293; x_wconf 87' lang='grc' dir='ltr'><strong><em>φύσει</em></strong></span> <span class='ocrx_word' id='word_1_157' title='bbox 964 2206 1183 2294; x_wconf 87' lang='grc' dir='ltr'><strong><em>ὑπάρχουσαν</em></strong></span> 
     </span>
     <span class='ocr_line' id='line_1_21' title="bbox 122 2313 1183 2405; baseline 0.003 -25"><span class='ocrx_word' id='word_1_158' title='bbox 122 2340 150 2380; x_wconf 76' lang='grc' dir='ltr'><strong><em>ιο</em></strong></span> <span class='ocrx_word' id='word_1_159' title='bbox 162 2324 220 2399; x_wconf 75' lang='grc' dir='ltr'><strong><em>τῆς</em></strong></span> <span class='ocrx_word' id='word_1_160' title='bbox 242 2317 450 2401; x_wconf 85' lang='grc' dir='ltr'><strong><em>μικροτάτης,</em></strong></span> <span class='ocrx_word' id='word_1_161' title='bbox 474 2313 529 2403; x_wconf 88' lang='grc' dir='ltr'><strong><em>(τά</em></strong></span> <span class='ocrx_word' id='word_1_162' title='bbox 550 2317 614 2402; x_wconf 89' lang='grc' dir='ltr'><strong><em>γάρ</em></strong></span> <span class='ocrx_word' id='word_1_163' title='bbox 634 2315 731 2382; x_wconf 81' lang='grc' dir='ltr'><strong><em>ἐννέα</em></strong></span> <span class='ocrx_word' id='word_1_164' title='bbox 751 2317 835 2400; x_wconf 83' lang='grc' dir='ltr'><strong><em>πρὸς</em></strong></span> <span class='ocrx_word' id='word_1_165' title='bbox 852 2316 893 2380; x_wconf 89' lang='grc' dir='ltr'><strong><em>τά</em></strong></span> <span class='ocrx_word' id='word_1_166' title='bbox 911 2314 945 2394; x_wconf 72' lang='grc' dir='ltr'><strong><em>ἐξ</em></strong></span> <span class='ocrx_word' id='word_1_167' title='bbox 965 2315 1072 2393; x_wconf 80' lang='grc' dir='ltr'><strong><em>οὕτως</em></strong></span> <span class='ocrx_word' id='word_1_168' title='bbox 1091 2316 1183 2405; x_wconf 85' lang='grc' dir='ltr'><strong><em>ἐχει,)</em></strong></span> 
     </span>
     <span class='ocr_line' id='line_1_22' title="bbox 162 2422 1183 2510; baseline 0.002 -21"><span class='ocrx_word' id='word_1_169' title='bbox 162 2422 263 2508; x_wconf 80' lang='grc' dir='ltr'><strong><em>όνπερ</em></strong></span> <span class='ocrx_word' id='word_1_170' title='bbox 293 2427 418 2506; x_wconf 87' lang='grc' dir='ltr'><strong><em>τρόπον</em></strong></span> <span class='ocrx_word' id='word_1_171' title='bbox 447 2422 468 2506; x_wconf 84' lang='grc' dir='ltr'><strong><em>ή</em></strong></span> <span class='ocrx_word' id='word_1_172' title='bbox 495 2425 585 2510; x_wconf 86' lang='grc' dir='ltr'><strong><em>παρὰ</em></strong></span> <span class='ocrx_word' id='word_1_173' title='bbox 613 2426 674 2507; x_wconf 86' lang='grc' dir='ltr'><strong><em>τήν</em></strong></span> <span class='ocrx_word' id='word_1_174' title='bbox 701 2424 824 2509; x_wconf 89' lang='grc' dir='ltr'><strong><em>μικράν</em></strong></span> <span class='ocrx_word' id='word_1_175' title='bbox 851 2422 872 2506; x_wconf 85' lang='grc' dir='ltr'><strong><em>ή</em></strong></span> <span class='ocrx_word' id='word_1_176' title='bbox 899 2422 984 2488; x_wconf 77' lang='grc' dir='ltr'><strong><em>όκτδ)</em></strong></span> <span class='ocrx_word' id='word_1_177' title='bbox 1012 2425 1095 2510; x_wconf 88' lang='grc' dir='ltr'><strong><em>πρὸς</em></strong></span> <span class='ocrx_word' id='word_1_178' title='bbox 1121 2422 1183 2510; x_wconf 65' lang='grc' dir='ltr'><strong><em>μὲν</em></strong></span> 
     </span>
     <span class='ocr_line' id='line_1_23' title="bbox 161 2527 1183 2619; baseline 0.003 -24"><span class='ocrx_word' id='word_1_179' title='bbox 161 2531 223 2613; x_wconf 80' lang='grc' dir='ltr'><strong><em>τήν</em></strong></span> <span class='ocrx_word' id='word_1_180' title='bbox 248 2531 289 2596; x_wconf 84' lang='grc' dir='ltr'><strong><em>τὰ</em></strong></span> <span class='ocrx_word' id='word_1_181' title='bbox 316 2529 350 2610; x_wconf 76' lang='grc' dir='ltr'><strong><em>ἓξ</em></strong></span> <span class='ocrx_word' id='word_1_182' title='bbox 378 2533 522 2616; x_wconf 83' lang='grc' dir='ltr'><strong><em>ἔχουσαν</em></strong></span> <span class='ocrx_word' id='word_1_183' title='bbox 549 2531 587 2597; x_wconf 94' lang='grc' dir='ltr'><strong><em>ἐν</em></strong></span> <span class='ocrx_word' id='word_1_184' title='bbox 614 2531 768 2619; x_wconf 77' lang='grc' dir='ltr'><strong><em>ἐπιτρίτῳ</em></strong></span> <span class='ocrx_word' id='word_1_185' title='bbox 796 2527 854 2615; x_wconf 81' lang='grc' dir='ltr'><strong><em>ήν,</em></strong></span> <span class='ocrx_word' id='word_1_186' title='bbox 880 2533 964 2616; x_wconf 90' lang='grc' dir='ltr'><strong><em>πρὸς</em></strong></span> <span class='ocrx_word' id='word_1_187' title='bbox 991 2527 1028 2596; x_wconf 74' lang='grc' dir='ltr'><strong><em>δέ</em></strong></span> <span class='ocrx_word' id='word_1_188' title='bbox 1055 2532 1118 2617; x_wconf 86' lang='grc' dir='ltr'><strong><em>τήν</em></strong></span> <span class='ocrx_word' id='word_1_189' title='bbox 1142 2534 1183 2598; x_wconf 89' lang='grc' dir='ltr'><strong><em>τά</em></strong></span> 
     </span>
     <span class='ocr_line' id='line_1_24' title="bbox 162 2635 1182 2727; baseline 0.004 -25"><span class='ocrx_word' id='word_1_190' title='bbox 162 2635 290 2703; x_wconf 78' lang='grc' dir='ltr'><strong><em>δώδεκα</em></strong></span> <span class='ocrx_word' id='word_1_191' title='bbox 313 2637 350 2703; x_wconf 84' lang='grc' dir='ltr'><strong><em>ἐν</em></strong></span> <span class='ocrx_word' id='word_1_192' title='bbox 373 2637 524 2727; x_wconf 83' lang='grc' dir='ltr'><strong><em>ήμιολίφ.</em></strong></span> <span class='ocrx_word' id='word_1_193' title='bbox 560 2641 598 2707; x_wconf 89' lang='grc' dir='ltr'><strong><em>τὸ</em></strong></span> <span class='ocrx_word' id='word_1_194' title='bbox 623 2640 688 2724; x_wconf 88' lang='grc' dir='ltr'><strong><em>ἀρα</em></strong></span> <span class='ocrx_word' id='word_1_195' title='bbox 711 2637 833 2724; x_wconf 80' lang='grc' dir='ltr'><strong><em>μεταξὺ</em></strong></span> <span class='ocrx_word' id='word_1_196' title='bbox 856 2648 914 2722; x_wconf 81' lang='grc' dir='ltr'><strong><em>τῆς</em></strong></span> <span class='ocrx_word' id='word_1_197' title='bbox 934 2638 992 2704; x_wconf 78' lang='grc' dir='ltr'><strong><em>διὰ</em></strong></span> <span class='ocrx_word' id='word_1_198' title='bbox 1009 2637 1108 2705; x_wconf 82' lang='grc' dir='ltr'><strong><em>πέντε</em></strong></span> <span class='ocrx_word' id='word_1_199' title='bbox 1126 2638 1182 2706; x_wconf 75' lang='grc' dir='ltr'><strong><em>καί</em></strong></span> 
     </span>
     <span class='ocr_line' id='line_1_25' title="bbox 161 2737 1183 2834; baseline 0.005 -25"><span class='ocrx_word' id='word_1_200' title='bbox 161 2753 219 2830; x_wconf 72' lang='grc' dir='ltr'><strong><em>τῆς</em></strong></span> <span class='ocrx_word' id='word_1_201' title='bbox 246 2747 302 2811; x_wconf 86' lang='grc' dir='ltr'><strong><em>διά</em></strong></span> <span class='ocrx_word' id='word_1_202' title='bbox 328 2745 501 2832; x_wconf 89' lang='grc' dir='ltr'><strong><em>τεσσάρων</em></strong></span> <span class='ocrx_word' id='word_1_203' title='bbox 528 2745 703 2812; x_wconf 90' lang='grc' dir='ltr'><strong><em>τουτέστιν</em></strong></span> <span class='ocrx_word' id='word_1_204' title='bbox 730 2737 757 2834; x_wconf 79' lang='grc' dir='ltr'><em>ᾦ</em></span> <span class='ocrx_word' id='word_1_205' title='bbox 784 2744 937 2831; x_wconf 85' lang='grc' dir='ltr'><strong><em>ὑπερέχει</em></strong></span> <span class='ocrx_word' id='word_1_206' title='bbox 960 2745 981 2829; x_wconf 87' lang='grc' dir='ltr'><strong><em>ή</em></strong></span> <span class='ocrx_word' id='word_1_207' title='bbox 1004 2746 1061 2812; x_wconf 91' lang='grc' dir='ltr'><strong><em>διά</em></strong></span> <span class='ocrx_word' id='word_1_208' title='bbox 1084 2745 1183 2814; x_wconf 89' lang='grc' dir='ltr'><strong><em>πέντε</em></strong></span> 
     </span>
     <span class='ocr_line' id='line_1_26' title="bbox 120 2852 1182 2943; baseline 0.002 -24"><span class='ocrx_word' id='word_1_209' title='bbox 120 2877 147 2919; x_wconf 80' lang='grc' dir='ltr'><strong><em>ιτ</em></strong></span> <span class='ocrx_word' id='word_1_210' title='bbox 160 2860 219 2936; x_wconf 84' lang='grc' dir='ltr'><strong><em>τής</em></strong></span> <span class='ocrx_word' id='word_1_211' title='bbox 246 2853 302 2918; x_wconf 87' lang='grc' dir='ltr'><strong><em>διά</em></strong></span> <span class='ocrx_word' id='word_1_212' title='bbox 329 2854 518 2938; x_wconf 91' lang='grc' dir='ltr'><strong><em>τεσσάρων,</em></strong></span> <span class='ocrx_word' id='word_1_213' title='bbox 545 2853 740 2937; x_wconf 89' lang='grc' dir='ltr'><strong><em>ἐβεβαιοῦτο</em></strong></span> <span class='ocrx_word' id='word_1_214' title='bbox 769 2852 807 2919; x_wconf 88' lang='grc' dir='ltr'><strong><em>έν</em></strong></span> <span class='ocrx_word' id='word_1_215' title='bbox 835 2852 985 2940; x_wconf 76' lang='grc' dir='ltr'><strong><em>ἐπογδόῳ</em></strong></span> <span class='ocrx_word' id='word_1_216' title='bbox 1008 2856 1098 2943; x_wconf 88' lang='grc' dir='ltr'><strong><em>λόγφ</em></strong></span> <span class='ocrx_word' id='word_1_217' title='bbox 1120 2855 1182 2921; x_wconf 87' lang='grc' dir='ltr'><strong><em>ὑπ-</em></strong></span> 
     </span>
     <span class='ocr_line' id='line_1_27' title="bbox 162 2952 1182 3048; baseline 0.002 -22"><span class='ocrx_word' id='word_1_218' title='bbox 162 2957 286 3044; x_wconf 88' lang='grc' dir='ltr'><strong><em>άρχειν,</em></strong></span> <span class='ocrx_word' id='word_1_219' title='bbox 309 2959 346 3026; x_wconf 87' lang='grc' dir='ltr'><strong><em>ἐν</em></strong></span> <span class='ocrx_word' id='word_1_220' title='bbox 370 2952 458 3048; x_wconf 71' lang='grc' dir='ltr'><strong><em>ᾧπερ</em></strong></span> <span class='ocrx_word' id='word_1_221' title='bbox 482 2963 522 3026; x_wconf 90' lang='grc' dir='ltr'><strong><em>τά</em></strong></span> <span class='ocrx_word' id='word_1_222' title='bbox 545 2960 642 3027; x_wconf 85' lang='grc' dir='ltr'><strong><em>ἐννέα</em></strong></span> <span class='ocrx_word' id='word_1_223' title='bbox 666 2962 749 3046; x_wconf 88' lang='grc' dir='ltr'><strong><em>πρὸς</em></strong></span> <span class='ocrx_word' id='word_1_224' title='bbox 771 2960 812 3024; x_wconf 86' lang='grc' dir='ltr'><strong><em>τά</em></strong></span> <span class='ocrx_word' id='word_1_225' title='bbox 835 2956 930 3024; x_wconf 79' lang='grc' dir='ltr'><strong><em>ὀκτώ.</em></strong></span> <span class='ocrx_word' id='word_1_226' title='bbox 967 2957 1129 3048; x_wconf 82' lang='grc' dir='ltr'><strong><em>ἑκατέρως</em></strong></span> <span class='ocrx_word' id='word_1_227' title='bbox 1147 2986 1182 3028; x_wconf 89' lang='grc' dir='ltr'><strong><em>τε</em></strong></span> 
     </span>
    </p>
   </div>
   <div class='ocr_carea' id='block_1_5' title="bbox 159 3225 1181 3587">
    <p class='ocr_par' dir='ltr' id='par_1_5' title="bbox 179 3225 1180 3352">
     <span class='ocr_line' id='line_1_28' title="bbox 179 3225 1180 3352; baseline 0 -71"><span class='ocrx_word' id='word_1_228' title='bbox 179 3225 860 3353; x_wconf 60' lang='grc' dir='ltr'><strong><em>21ἀπατρίσοις1δ.λίσοτιιιγεῖςΜΒ.</em></strong></span> <span class='ocrx_word' id='word_1_229' title='bbox 952 3225 1180 3285; x_wconf 43' lang='grc' dir='ltr'><strong><em>λλτάοιωΗΒ</em></strong></span> 
     </span>
    </p>

    <p class='ocr_par' dir='ltr' id='par_1_6' title="bbox 159 3296 1181 3586">
     <span class='ocr_line' id='line_1_29' title="bbox 256 3296 1180 3370; baseline 0 -17"><span class='ocrx_word' id='word_1_230' title='bbox 256 3296 322 3354; x_wconf 65' lang='grc' dir='ltr'><strong><em>τίν</em></strong></span> <span class='ocrx_word' id='word_1_231' title='bbox 323 3297 403 3369; x_wconf 83' lang='grc' dir='ltr'><strong><em>τιφαέ</em></strong></span> <span class='ocrx_word' id='word_1_232' title='bbox 405 3315 528 3369; x_wconf 78' lang='grc' dir='ltr'><strong><em>ινετοφ.</em></strong></span> <span class='ocrx_word' id='word_1_233' title='bbox 501 3298 647 3369; x_wconf 81' lang='grc' dir='ltr'><strong><em>φτὴνθ</em></strong></span> <span class='ocrx_word' id='word_1_234' title='bbox 701 3299 850 3354; x_wconf 75' lang='grc' dir='ltr'><strong><em>πανοῶλλ.</em></strong></span> <span class='ocrx_word' id='word_1_235' title='bbox 928 3297 1007 3367; x_wconf 79' lang='grc' dir='ltr'><strong><em>παρὰ</em></strong></span> <span class='ocrx_word' id='word_1_236' title='bbox 1104 3320 1180 3370; x_wconf 79' lang='grc' dir='ltr'><strong><em>μι.ιιρ</em></strong></span> 
     </span>
     <span class='ocr_line' id='line_1_30' title="bbox 160 3298 1181 3462; baseline 0 -37"><span class='ocrx_word' id='word_1_237' title='bbox 160 3369 187 3425; x_wconf 82' lang='lat' dir='ltr'><strong>R</strong></span> <span class='ocrx_word' id='word_1_238' title='bbox 240 3370 771 3462; x_wconf 70' lang='lat' dir='ltr'><strong>mbl(cfhn2l)n0quB</strong></span> <span class='ocrx_word' id='word_1_239' title='bbox 848 3364 1012 3439; x_wconf 83' lang='grc' dir='ltr'><strong><em>18έιτίριτο</em></strong></span> <span class='ocrx_word' id='word_1_240' title='bbox 1013 3298 1181 3441; x_wconf 76' lang='grc' dir='ltr'><strong><em>νάντιροςι</em></strong></span> 
     </span>
     <span class='ocr_line' id='line_1_31' title="bbox 159 3392 1181 3515; baseline 0 -18"><span class='ocrx_word' id='word_1_241' title='bbox 159 3440 317 3499; x_wconf 59' lang='lat' dir='ltr'><strong><em>‘mm</em></strong></span> <span class='ocrx_word' id='word_1_242' title='bbox 377 3415 599 3515; x_wconf 75' lang='grc' dir='ltr'><strong><em>λλῳ]δττ.ερ1λ</em></strong></span> <span class='ocrx_word' id='word_1_243' title='bbox 655 3437 757 3497; x_wconf 69' lang='grc' dir='ltr'><strong><em>κϋὲια</em></strong></span> <span class='ocrx_word' id='word_1_244' title='bbox 759 3392 1181 3514; x_wconf 61' lang='grc' dir='ltr'><strong><em>τέρωςΜιιίρτοοοΙοιεωήλ</em></strong></span> 
     </span>
     <span class='ocr_line' id='line_1_32' title="bbox 159 3498 932 3587; baseline -0.001 -18"><span class='ocrx_word' id='word_1_245' title='bbox 159 3516 192 3569; x_wconf 72' lang='grc' dir='ltr'><strong><em>ολ</em></strong></span> <span class='ocrx_word' id='word_1_246' title='bbox 209 3513 318 3587; x_wconf 70' lang='grc' dir='ltr'><strong><em>λοιποὶ,</em></strong></span> <span class='ocrx_word' id='word_1_247' title='bbox 337 3498 460 3586; x_wconf 84' lang='grc' dir='ltr'><strong><em>εκοτέρω</em></strong></span> <span class='ocrx_word' id='word_1_248' title='bbox 438 3535 478 3570; x_wconf 83' lang='grc' dir='ltr'><strong><em>ων</em></strong></span> <span class='ocrx_word' id='word_1_249' title='bbox 496 3514 562 3584; x_wconf 82' lang='lat' dir='ltr'><strong><em>RB,</em></strong></span> <span class='ocrx_word' id='word_1_250' title='bbox 581 3513 652 3568; x_wconf 85' lang='lat' dir='ltr'><strong><em>Mli</em></strong></span> <span class='ocrx_word' id='word_1_251' title='bbox 654 3515 719 3569; x_wconf 88' lang='lat' dir='ltr'>vido</span> <span class='ocrx_word' id='word_1_252' title='bbox 738 3513 844 3584; x_wconf 80' lang='lat' dir='ltr'><strong>colore,</strong></span> <span class='ocrx_word' id='word_1_253' title='bbox 864 3515 932 3570; x_wconf 83' lang='lat' dir='ltr'><strong>Uen.</strong></span> 
     </span>
    </p>
   </div>
   <div class='ocr_carea' id='block_1_6' title="bbox 0 0 1238 3870">
    <p class='ocr_par' dir='ltr' id='par_1_7' title="bbox 0 0 1238 3870">
     <span class='ocr_line' id='line_1_33' title="bbox 0 0 1238 3870; baseline 0 2"><span class='ocrx_word' id='word_1_254' title='bbox 0 0 1238 3870; x_wconf 95' lang='lat' dir='ltr'><strong><em> </em></strong></span> 
     </span>
    </p>
   </div>
  </div>
 </body>
</html>
