2466 3870
89 93 165 166 *v1'
309 98 310 102 ¹
530 73 680 164 Praefatio.
741 142 746 146 Α

102 275 203 338 cisous
236 272 416 337 Buecheler.
466 294 483 336 a
515 272 611 334 variis
635 268 695 331 hic
723 264 911 336 Germaniae
942 272 1107 336 codicibus

102 381 254 444 lectiones
272 378 451 442 contulerat
469 374 518 437 vel
537 371 742 437 conferendas
761 372 904 457 iusserat,
923 376 1108 442 Aristoxeni

102 491 204 549 artem
231 482 446 546 harmonicam
476 478 642 541 rest'tuere
669 482 828 560 coeperat,
855 499 928 543 cum
956 484 1108 547 materiae

102 591 285 654 ariditatem
312 588 473 667 pertaesus
501 583 639 668 reliquit.
685 583 745 647 hoc
770 583 816 647 ita
838 605 871 648 se
893 583 1012 649 habere
1035 608 1108 650 oum

103 717 122 756 a
139 690 320 755 Froehnero
341 687 501 773 quondam
519 687 664 754 Lutetiae
682 690 916 774 comperissem,
934 711 994 777 ego
1014 693 1110 755 musi·

104 819 158 861 cae
185 795 263 859 artis
291 816 356 859 non
377 795 483 860 minus
504 796 667 862 studiosus
690 820 785 883 quarn
809 797 987 862 litterarum
1014 795 1109 862 Grae

103 923 212 966 carum
244 903 364 967 amicus
396 926 415 966 a
441 902 635 968 Buechelero
667 905 766 987 petivi
798 909 830 968 et
858 906 1039 987 impetravi,
1073 910 1109 970 ut

104 1007 259 1093 quidquid
280 1009 320 1073 ad
336 1008 396 1074 hos
415 1008 515 1072 libros
533 1009 670 1074 edendos
688 1014 907 1092 comparatum
925 1015 1010 1073 esset
1028 1011 1108 1075 mihi

103 1116 236 1180 cederet.
285 1136 409 1179 summa
440 1117 509 1177 tum
541 1114 698 1178 industria
711 1112 806 1177 ·haec
833 1113 912 1177 artis
940 1120 1109 1198 praecepta

102 1221 168 1307 legi
191 1225 223 1284 et
245 1218 357 1305 relegi,
384 1239 444 1282 neo
465 1219 647 1283 examinum
670 1218 907 1283 subeundorum
932 1221 1108 1285 terroribus

103 1347 161 1390 nac
187 1323 368 1389 scholarum
394 1320 612 1389 habendarum
638 1325 822 1390 muneribus
837 1325 919 1390 inde
942 1330 1109 1391 sevocatus

103 1453 183 1496 sum.
214 1430 278 1493 iam
294 1427 479 1495 Aristoxeni
496 1433 620 1495 textum
639 1435 671 1495 et
688 1430 840 1495 lectiones
859 1430 1109 1517 conscribebam,

104 1557 176 1600 cum
211 1558 292 1620 opus
324 1558 344 1600 a
373 1535 566 1621 Marquardo
599 1536 797 1602 Berolinensi
829 1536 1010 1600 confectum
1043 1558 1111 1601 esse

104 1643 222 1716 audio.¹
261 1664 324 1727 quo
360 1644 474 1707 nuntio
509 1648 638 1726 accepto
674 1642 904 1707 Aristoxenum
940 1661 1014 1728 ego,
1043 1664 1109 1707 nec

104 1754 211 1812 tamen
238 1748 377 1813 musicos
402 1748 538 1831 menri,
565 1749 663 1812 immo
687 1769 759 1813 curn
783 1748 860 1812 viris
883 1748 1003 1812 similia
1025 1750 1111 1834 cogi-

104 1855 248 1919 tantibus
283 1837 467 1919 societatem
499 1875 633 1938 operum
665 1854 729 1918 inii.
784 1853 951 1919 Hermann
981 1853 1109 1918 Deitors

105 1962 189 2024 enim
217 1961 359 2024 editurus
386 1965 455 2025 erat
479 1958 667 2045 Aristidem3
694 1960 813 2025 Paulus
836 1960 1010 2044 Marquard
1037 1982 1110 2034 con-

104 2067 187 2130 fecto
220 2064 411 2131 Aristoxeno
442 2065 513 2154 (qui
544 2067 579 2131 in
610 2068 773 2150 publicum
805 2066 926 2150 prodiit
955 2090 981 2130 a.
1009 2066 1108 2152 1868)

104 2177 271 2237 curaturus
303 2178 371 2237 erat
396 2172 557 2237 Thoonem
587 2178 620 2236 et
646 2172 890 2256 Nicomachum,
924 2194 983 2259 ego
1011 2174 1109 2236 intro

105 2280 249 2344 ductioni
276 2301 326 2344 me
350 2279 454 2344 dedidi
476 2302 572 2364 quam
596 2280 673 2343 olim
697 2280 842 2343 ferebant
866 2301 933 2343 esse
956 2279 1110 2360 Euclidis,

104 2409 168 2471 qua
186 2385 333 2450 absoluta
351 2386 487 2471 reliquas
506 2385 577 2450 illas
597 2385 756 2450 doctrinas
775 2385 934 2471 suscipere
954 2385 1109 2448 volebam.

105 2493 212 2556 fautor
244 2482 458 2555 validissimus
488 2492 634 2556 societati
666 2493 759 2556 affuit
788 2491 871 2557 Guil.
900 2492 1108 2575 Studemund,

105 2599 161 2682 qui
183 2601 220 2661 ut
242 2596 468 2681 Marquardum
491 2599 525 2662 in
547 2598 668 2662 edendo
691 2598 883 2663 Aristoxeno
906 2601 1037 2682 iuverat,
1064 2599 1110 2660 ita

103 2704 198 2769 nobis
230 2707 262 2768 et
293 2703 497 2769 collationum
527 2706 618 2789 copia
646 2709 678 2769 et
706 2705 830 2769 consilii
857 2705 1049 2769 auctoritate
1075 2725 1110 2767 se

103 2811 279 2874 affuturum
307 2809 469 2893 pollicitus
496 2815 551 2874 est.
601 2811 656 2875 sed
682 2811 763 2875 nulli
789 2795 936 2875 nostrum
964 2811 1110 2895 contigit,

104 2921 142 2980 ut
159 2915 250 3000 quod
272 2915 420 2999 sperabat
442 2916 592 2980 continuo
615 2916 788 3001 perficeret.
826 2915 1001 3000 Marquard
1024 2917 1109 2980 enim

104 3023 217 3086 morbo
237 3021 423 3108 gravissimo
443 3027 573 3086 vexatus
592 3027 624 3087 et
642 3024 676 3087 in
693 3005 846 3086 calidiora
863 3022 934 3086 loca
947 3022 1110 3106 profectus

105 3128 262 3193 Messinae
297 3127 380 3192 diem
414 3149 597 3212 supremum
629 3129 723 3211 obiit,
760 3127 886 3193 Deitors
918 3132 951 3192 et
982 3127 1111 3192 scholae

104 3234 315 3299 moderandae
347 3235 484 3321 negotiis
516 3238 548 3298 et
579 3234 773 3299 Beothoveni
805 3235 872 3298 vita
904 3234 1112 3298 describenda

107 3341 331 3425 distinebatur,
358 3361 416 3427 ego
441 3338 601 3405 cleonidis
627 3362 722 3425 quam
746 3340 817 3404 dico
840 3340 1111 3404 introductionem

103 3447 284 3511 absolutam
301 3445 519 3512 Studemundo
538 3448 698 3532 proposui,
718 3452 754 3511 ut
772 3447 939 3531 iudicaret3
963 3448 1019 3530 qui
1038 3469 1110 3511 oum
