2466 3870
586 282 788 365 'Problemata
966 272 978 289 ²
1155 283 1199 347 55

184 440 235 509 ἐνί
263 444 326 509 ἰθύ
344 429 501 534 'progredi
525 446 644 513 docet¹
681 434 767 531 qnod
789 430 897 511 autem
919 444 1112 530 Heraclides,
1134 444 1201 509 sive

184 552 315 613 secutus
334 555 384 615 est
402 551 588 617 Aristotelis
611 551 745 633 scholas,
768 551 835 613 sive
856 571 923 613 non
945 550 1019 636 est',
1042 574 1060 616 a
1083 551 1202 637 cogita-

186 655 331 721 tionibus
358 659 427 722 eins
455 662 541 721 certe
566 660 599 719 et
621 660 755 720 naturae
777 654 1047 740 speculationibus
1070 658 1200 721 minime

185 766 255 826 erat
286 763 424 845 alienus,
461 784 534 825 cum
562 760 624 825 hoc
657 784 731 826 vero
763 761 838 847 περὶ
870 762 1041 828 ἀκουστῶν
1070 768 1200 828 auctore

185 869 220 933 in
241 869 441 955 gravissimis
462 868 559 931 rebus
577 870 739 952 conspirat
757 874 790 932 et
808 870 975 954 consentit,
998 869 1102 952 ipsum
1120 873 1199 951 puto

185 975 272 1039 hunc
303 971 380 1055 περὶ
414 973 588 1039 ἀκουστῶν
615 974 759 1038 libellum
792 976 1013 1057 composuisse.
1059 973 1146 1059 quod
1173 976 1200 1040 si

186 1081 259 1163 quis
286 1078 459 1143 concedere
483 1080 624 1164 dubitat,
648 1080 746 1143 alium
768 1080 831 1144 nisi
854 1083 910 1143 aut
932 1081 1036 1163 ipsum
1059 1080 1200 1145 Heracli-

185 1185 257 1249 dem
275 1184 491 1270 autaliquem
510 1188 579 1250 eius
597 1185 789 1269 discipulum
807 1185 885 1250 haec
902 1187 1039 1251 scribere
1057 1188 1198 1270 potuisse

185 1290 364 1374 praefracte
387 1314 480 1377 nego.

251 1396 321 1463 Iam
349 1402 430 1482 puto
459 1398 586 1481 quaeris
613 1419 653 1461 ex
680 1420 743 1483 me,
774 1397 981 1462 videanturno
1003 1398 1105 1463 multa
1127 1420 1198 1483 pro-

185 1502 362 1569 blematum
398 1508 548 1567 auctores
579 1505 729 1588 petivisse
761 1526 800 1568 ex
833 1504 888 1569 illo
920 1503 994 1589 περὶ
1026 1505 1197 1570 ἀκουστῶν

183 1608 303 1675 libello.
341 1609 428 1694 quod
451 1609 612 1674 affirmare
635 1632 702 1674 non
724 1611 835 1675 ausim.
871 1615 946 1674 sunt
969 1610 1095 1694 quidem
1115 1633 1197 1675 oom-

183 1717 293 1781 munia
320 1716 360 1780 iis
383 1716 539 1780 nonnulla
562 1716 719 1780 vocabula
740 1716 781 1780 ab
801 1715 983 1781 Aristotelis
1006 1739 1065 1781 usu
1085 1716 1196 1800 aliena,

184 1826 221 1885 ut
239 1825 456 1908 ἰσχνόφωνοι,
475 1822 725 1908 βραγχιῶντεςῧ,
744 1822 881 1887 multum
901 1823 942 1887 ab
957 1828 1090 1907 utraque
1104 1828 1195 1907 parte

186 1927 368 2012 disputatur
402 1929 440 1992 do
474 1951 588 1993 iocum
622 1929 857 2013 impedimentis
889 1928 1024 2016 (πύθη),
1055 1930 1109 1995 sed
1138 1952 1196 1995 nec

184 2072 396 2081 ——-——--—--

254 2162 269 2210 1
289 2153 351 2211 ’Ότι
370 2157 402 2212 δὲ
421 2156 439 2224 ἡ
459 2156 536 2225 φορὰ
554 2158 680 2224 γίγνεται
699 2156 771 2211 κατὰ
788 2157 840 2225 τὴν
859 2159 1046 2245 εὐθυπορίαν)
1070 2156 1195 2226 φανερόν

184 2220 258 2281 ἔστιν
278 2222 325 2281 lul
343 2235 399 2281 τῶν
419 2224 502 2280 ἱστῶν
522 2228 570 2281 καὶ
589 2228 657 2290 ὅλως
675 2223 721 2282 lut
735 2237 790 2282 τῶν
804 2228 892 2295 ξύλων
906 2237 960 2282 τῶν
974 2233 1107 2298 perator,
1127 2227 1195 2284 ὅταν

184 2297 254 2352 adad
279 2300 474 2370 βασανίζουσιν.
504 2318 528 2352 κ.
549 2319 570 2353 τ.
592 2303 614 2353 λ.
652 2299 716 2354 aud
741 2299 846 2354 802⁸⁸⁰.
879 2299 927 2353 καὶ
950 2308 1039 2368 φορᾶς
1063 2299 1113 2369 μὲν
1132 2301 1193 2368 εἴδη

185 2368 243 2436 δύο,
263 2388 281 2436 η
296 2369 348 2438 μὲν
363 2365 395 2423 ἐν
410 2369 510 2440 κύκλῳ,
529 2368 547 2436 ἠ
566 2370 598 2424 δὲ
618 2365 665 2424 ἐπ’
687 2370 758 2424 εὐθύ
772 2370 873 2440 Porph.
887 2375 939 2423 213
955 2370 1003 2425 inf.
1035 2368 1194 2425 ὑποκείσθω

185 2436 247 2507 oda,
276 2438 319 2494 ὅτι
349 2436 411 2494 ἐστί
435 2460 476 2502 τις
504 2439 581 2509 φορὰ
610 2440 627 2507 ἡ
652 2441 715 2509 περὶ
737 2442 802 2502 τοὺς
825 2440 969 2510 φθόγγους
992 2439 1031 2503 εἰς
1053 2439 1139 2495 τόπον
1163 2437 1193 2496 ἐκ

183 2510 276 2636 ἷύκοῖι
304 2509 354 2573 εἰς
386 2512 474 2565 acet
507 2507 554 2565 lul
585 2512 616 2565 τὸ
644 2519 693 2579 τῆς
719 2512 806 2580 ἀκοῆς
833 2510 1017 2581 αἰσθητήριον
1044 2510 1193 2582 φερομένη.

206 2598 222 2636 ο
278 2587 357 2635 ,Μ
372 2598 432 2636 su.

222 2600 268 2706 ‘pa
288 2652 358 2708 Cum
372 2601 511 2707 indertum
526 2652 572 2722 sit,
590 2652 758 2707 habueritne
772 2653 937 2707 Aristoteles
952 2653 1067 2707 Athenis
1083 2653 1193 2709 scholas

183 2728 247 2778 ante
266 2723 418 2795 Speusippi
436 2726 556 2779 mortem
574 2730 626 2778 339
645 2741 670 2779 a.
691 2724 747 2793 Ch,
766 2724 929 2779 Heraclides
948 2728 1042 2778 autem
1059 2724 1112 2779 hoc
1131 2724 1192 2795 ipso

183 2797 306 2864 tempore
316 2796 444 2850 Athenas
458 2795 606 2864 reliquisse
621 2795 733 2849 dicatur
741 2795 896 2863 (Blicheler¹
912 2795 991 2850 acad.
1000 2795 1110 2864 philoso
1131 2795 1189 2850 hor.

121 2882 127 2895 ·
182 2864 266 2920 index
276 2866 326 2920 VII
338 2870 365 2935 6)
385 2867 521 2920 confiteor
534 2885 578 2920 me
592 2867 707 2929 nescire,
727 2866 839 2935 quando
853 2866 899 2920 hic
913 2866 1064 2936 Stagirites
1079 2814 1189 2920 sciolas

182 2935 411 3005 frequentaverit.
432 2939 481 2991 red
497 2937 615 3007 gaudeo,
631 2937 706 3006 quod
720 2937 836 2990 Krische
846 2937 1052 3006 (Forschungen
1067 2936 1118 2990 auf
1128 2937 1192 2991 dem

182 3006 283 3062 Gebiet
301 3008 351 3062 der
370 3008 449 3062 alten
468 3009 648 3078 Philosophie
669 3014 737 3062 1840
756 3009 846 3077 Iaso)
864 3012 893 3062 et
911 3008 944 3062 Η.
960 3008 1095 3062 Schrader
1109 3011 1191 3076 (1885

182 3078 211 3131 in
232 3079 382 3150 Philologo
407 3085 454 3148 44,
475 3085 537 3149 242)
563 3078 671 3134 Sotioni
694 3078 845 3133 Plutarcho
868 3079 988 3134 Stobaeo
1016 3079 1069 3133 fide
1092 3078 1192 3133 habita

182 3148 254 3204 huuc
274 3150 348 3204 inter
361 3150 566 3221 Peripateticos
586 3149 762 3204 rettulerunt.
782 3167 845 3204 cum
865 3149 1020 3203 aPlatonis
1039 3148 1190 3204 subtilissi-

182 3220 234 3274 mis
258 3220 499 3302 speculationibus
524 3221 646 3288 alienus,
669 3223 787 3275 naturae
811 3224 905 3275 tamen
924 3225 952 3274 et
970 3221 1051 3274 rebus
1070 3223 1190 3275 contem-

181 3291 294 3359 plandis
323 3292 436 3346 deditus
465 3295 551 3361 esset,
579 3292 706 3363 prolecto
731 3291 883 3374 Stagirites
906 3292 1031 3362 cogitata
1052 3291 1191 3361 probavit,

182 3377 200 3414 a
217 3380 273 3431 qno
291 3363 383 3417 multa
401 3363 499 3418 audire
519 3365 548 3417 et
566 3363 693 3433 accipere
712 3365 818 3432 potuit,
838 3364 922 3417 etiam
943 3365 1008 3417 ante
1025 3379 1109 3431 quam
1127 3379 1190 3433 pro·

181 3433 256 3502 priaa
276 3435 389 3488 scholas
408 3434 438 3487 in
457 3436 536 3504 lyceo
557 3435 605 3488 ille
625 3434 755 3504 aperiret.

252 3503 465 3575 δἸοχνύφονοι
485 3524 526 3575 pr.
541 3505 579 3558 XI
599 3512 622 3559 l.
643 3511 686 3559 30.
706 3510 766 3559 35s.
785 3510 827 3559 38.
842 3511 903 3560 ode.
924 3510 964 3560 60.
991 3507 1019 3558 et
1041 3504 1076 3558 de
1095 3503 1188 3558 audib.

181 3572 289 3701 {0}va
326 3579 464 3701 Spicntdp
485 3596 526 3647 pr.
547 3576 584 3630 xl
599 3583 641 3644 2⁴2,
662 3576 726 3631 aud.
746 3577 851 3630 804¹¹⁸.
888 3575 1053 3645 τραχύνεται
1071 3576 1190 3647 ἀρτηρία

239 3654 280 3704 ll.
309 3664 345 3703 au
369 3654 445 3703 ,804
470 3650 500 3700 ¹⁸.
