2466 3870
352 340 369 359 .-
486 314 774 381 ‚·-1>r0a10maa.
1139 314 1182 380 57

169 476 409 563 problematum
432 477 584 566 factores,
612 502 688 545 usos
710 501 765 544 eos
788 501 855 544 esse
878 479 949 545 aliis
971 480 1068 544 etiam
1091 476 1188 543 fonti-

171 583 233 648 bus
254 583 435 667 pntandum
459 592 516 651 est.

238 688 352 757 Artius
371 698 457 756 certe
476 693 648 756 coniuncta
666 694 741 754 scint
760 690 879 753 musica
895 690 1095 771 problemata
1114 713 1187 755 cum

169 795 263 863 libris
285 796 485 881 Aristotelis,
511 818 572 860 ncc
598 796 701 860 multa
728 800 808 878 puto
834 795 883 859 vol
906 817 1022 881 magna
1045 797 1186 861 invenies

171 926 252 989 quae
276 906 439 969 intereos
462 902 651 985 discrepent.
698 924 796 965 unum
821 902 948 986 quidem
970 902 1136 986 problema
1159 906 1185 966 si

171 1009 301 1096 legisset
332 1004 622 1091 Peripateticorum
654 1008 819 1093 magister,
853 1008 1074 1073 molestissime
1106 1008 1184 1072 mihi

172 1114 298 1179 videtur
335 1112 433 1177 firisse
469 1112 602 1176 laturus.
657 1135 730 1177 nam
768 1112 853 1195 quod
891 1114 1042 1178 tibiarum
1074 1120 1187 1179 cantus

172 1219 248 1285 XIX
266 1220 310 1283 43
338 1219 439 1283 tantis
462 1218 611 1283 laudibus
635 1219 802 1283 extollitur
824 1218 965 1303 adeoque
988 1220 1075 1303 lyrae
1098 1244 1187 1304 prae-

173 1326 283 1409 fertur,
306 1325 339 1389 id
361 1323 500 1409 probare
523 1324 613 1389 nullo
636 1324 732 1389 modo
756 1325 863 1408 potuit
882 1326 909 1389 is
927 1326 981 1408 qui
1000 1328 1130 1411 scripsit
1148 1327 1186 1390 de

173 1431 337 1516 republica
364 1429 445 1496 VIII
460 1435 490 1497 6.
516 1431 572 1496 sed
601 1432 633 1495 in
657 1431 718 1496 hoc
746 1433 850 1515 ipsum
877 1432 1042 1515 problema
1070 1434 1185 1496 mirum

174 1538 251 1603 illud
274 1538 371 1622 cadit,
394 1537 481 1623 qnod
504 1539 724 1622 quaestionem
748 1561 843 1621 quam
865 1539 1032 1622 repetitam
1051 1537 1187 1626 legimus

174 1666 210 1709 ex
233 1644 311 1711 xlx
330 1648 351 1711 9
381 1644 506 1709 diverso
534 1666 629 1709 sensu
652 1645 775 1728 accepit
798 1644 940 1708 diversus
963 1648 1087 1729 auctor,
1112 1668 1187 1709 nam

174 1754 255 1838 πρὸς
277 1752 383 1817 αὐλὸν
406 1750 427 1834 ἢ
450 1752 558 1834 λύραν
580 1750 635 1815 illa
654 1754 673 1815 9
694 1753 924 1835 interpretatur
947 1753 990 1815 oct
1007 1752 1116 1816 tibiam
1133 1752 1188 1817 vel

175 1858 286 1942 lpronr,
315 1858 369 1921 hic
395 1860 439 1923 43
464 1860 586 1940 pratior
612 1864 657 1923 est
682 1864 791 1923 carebis
817 1860 861 1922 ad
886 1859 995 1922 tibiam
1016 1879 1123 1939 aarum
1146 1861 1190 1922 ad

174 1966 281 2049 tyram.
310 1986 375 2049 qna
393 1986 432 2028 ex
448 1986 481 2028 re
495 1964 701 2028 manifestum
716 1965 753 2027 fit
766 1964 902 2028 alterum
922 1971 1006 2030 certe
1025 1968 1188 2028 auctorem

175 2094 238 2136 non
270 2071 475 2155 exscripsisse
508 2092 589 2154 quac
622 2071 654 2133 in
682 2071 792 2135 schola
823 2071 1004 2154 responderi
1033 2072 1188 2154 solebant,

174 2178 227 2243 sed
250 2199 290 2242 ex
313 2199 372 2242 suo
395 2178 525 2264 ingenio
549 2177 634 2261 quod
658 2177 863 2261 responderet
886 2178 1022 2242 finxisse.

239 2284 288 2348 De
325 2287 430 2347 aetate
464 2284 701 2368 problematum
733 2286 760 2348 si
793 2284 869 2369 quid
900 2290 932 2349 to
965 2284 1188 2350 conclusurum

176 2413 282 2475 speras
305 2412 323 2454 e
344 2412 479 2454 numero
506 2390 697 2455 chordarum
718 2393 767 2455 rel
786 2392 857 2456 aliis
875 2392 920 2456 rei
939 2392 1077 2455 musicae
1096 2391 1189 2453 vosti-

176 2498 249 2583 giis,
277 2497 376 2560 timeo
400 2500 438 2559 ut
460 2497 599 2561 multum
622 2498 779 2580 proficias.
825 2497 1015 2561 chordarum
1038 2518 1188 2559 numerus

176 2600 248 2667 Iasi
275 2605 309 2665 et
333 2600 508 2666 Simonidis
535 2604 735 2686 temporibus
762 2604 901 2686 primum
929 2602 1071 2685 auctus¹,
1101 2601 1187 2665 lonis

179 2706 248 2773 Chii
277 2712 383 2773 aetate
406 2707 488 2795 (450
511 2732 538 2773 a.
561 2707 632 2795 ch.)
656 2714 725 2773 erat
751 2710 910 2794 undecim,
938 2709 1055 2793 quibus
1083 2707 1188 2790 dithy-

178 2816 279 2879 rambi
299 2819 413 2899 poetae
427 2837 524 2878 unam
540 2814 692 2879 chordam
707 2813 922 2879 addirlonmt.²
952 2814 1186 2898 problematum

177 2928 282 2986 autem
307 2923 492 3005 scriptores,
517 2922 572 3004 qui
595 2943 757 3005 nunquam
783 2921 909 2984 chordis
932 2921 1049 2984 addant
1072 2943 1188 2983 nomen

177 3028 381 3111 tetrachordi,
405 3028 548 3111 hypaton
567 3028 755 3110 simpliciter
776 3028 882 3090 dicant
901 3027 1050 3091 chordam
1070 3030 1189 3112 gravis-

177 3138 289 3200 simam
314 3138 346 3198 et
369 3138 465 3198 noten
489 3135 704 3198 acutissimam
725 3132 816 3215 (XIX
831 3137 859 3197 3.
879 3135 907 3197 4.
929 3136 945 3197 i
966 3133 1033 3218 al),
1057 3140 1189 3216 apparet

251 3397 512 3452 lPs.·Platarcbus
541 3398 575 3451 de
603 3415 672 3449 mus.
700 3404 740 3450 29.
783 3396 863 3463 Grai,
892 3397 926 3449 de
955 3396 999 3450 Gr.
1028 3413 1057 3450 re
1083 3396 1189 3449 musica

179 3468 324 3595 Qapborprg
353 3472 433 3535 1889)
461 3487 487 3538 p.
515 3474 537 3523 7.
578 3468 678 3523 Suidus
707 3467 869 3522 Simonides.
911 3466 1018 3520 Plinius
1048 3467 1112 3521 bist.
1140 3471 1189 3520 nat

176 3610 462 3739 'mtulzbmccmtia
485 3610 673 3680 fragmentum
694 3610 853 3665 comoediae
872 3609 946 3680 apud
966 3608 1037 3662 Plnt.
1057 3627 1127 3661 mus.
1147 3616 1188 3661 30.
