<?xml version="1.0" encoding="UTF-8"?>
<!DOCTYPE html PUBLIC "-//W3C//DTD XHTML 1.0 Transitional//EN"
    "http://www.w3.org/TR/xhtml1/DTD/xhtml1-transitional.dtd">
<html xmlns="http://www.w3.org/1999/xhtml" xml:lang="en" lang="en">
 <head>
  <title>
</title>
<meta http-equiv="Content-Type" content="text/html;charset=utf-8" />
  <meta name='ocr-system' content='tesseract 3.04.00' />
  <meta name='ocr-capabilities' content='ocr_page ocr_carea ocr_par ocr_line ocrx_word'/>
</head>
<body>
  <div class='ocr_page' id='page_1' title='image "./musiciscriptore00jangoog_0228.png"; bbox 0 0 2466 3870; ppageno 0'>
   <div class='ocr_carea' id='block_1_1' title="bbox 569 124 1188 199">
    <p class='ocr_par' dir='ltr' id='par_1_1' title="bbox 569 124 1188 199">
     <span class='ocr_line' id='line_1_1' title="bbox 569 124 1188 199; baseline -0.008 -16"><span class='ocrx_word' id='word_1_1' title='bbox 569 129 783 199; x_wconf 84' lang='lat' dir='ltr'>Prolegomona.</span> <span class='ocrx_word' id='word_1_2' title='bbox 1125 124 1188 185; x_wconf 76' lang='lat'>1‘27</span> 
     </span>
    </p>
   </div>
   <div class='ocr_carea' id='block_1_2' title="bbox 159 289 1191 912">
    <p class='ocr_par' dir='ltr' id='par_1_2' title="bbox 159 289 1191 912">
     <span class='ocr_line' id='line_1_2' title="bbox 159 289 1190 376; baseline -0.006 -20"><span class='ocrx_word' id='word_1_3' title='bbox 159 313 275 376; x_wconf 85' lang='lat' dir='ltr'>perum</span> <span class='ocrx_word' id='word_1_4' title='bbox 304 297 442 359; x_wconf 84' lang='lat' dir='ltr'>constat.</span> <span class='ocrx_word' id='word_1_5' title='bbox 487 315 566 359; x_wconf 86' lang='lat' dir='ltr'>nam</span> <span class='ocrx_word' id='word_1_6' title='bbox 592 294 621 359; x_wconf 86' lang='lat' dir='ltr'>si</span> <span class='ocrx_word' id='word_1_7' title='bbox 647 313 761 357; x_wconf 83' lang='lat' dir='ltr'>verum</span> <span class='ocrx_word' id='word_1_8' title='bbox 783 293 833 354; x_wconf 86' lang='lat' dir='ltr'>est</span> <span class='ocrx_word' id='word_1_9' title='bbox 855 289 997 375; x_wconf 91' lang='lat' dir='ltr'>quinque</span> <span class='ocrx_word' id='word_1_10' title='bbox 1019 310 1093 353; x_wconf 90' lang='lat' dir='ltr'>eum</span> <span class='ocrx_word' id='word_1_11' title='bbox 1116 307 1190 351; x_wconf 88' lang='lat' dir='ltr'>eon·</span> 
     </span>
     <span class='ocr_line' id='line_1_3' title="bbox 159 395 1189 485; baseline -0.003 -23"><span class='ocrx_word' id='word_1_12' title='bbox 159 396 330 465; x_wconf 77' lang='lat' dir='ltr'>sonantius</span> <span class='ocrx_word' id='word_1_13' title='bbox 346 399 511 485; x_wconf 71' lang='lat' dir='ltr'>statuisse,</span> <span class='ocrx_word' id='word_1_14' title='bbox 532 402 572 465; x_wconf 90' lang='lat' dir='ltr'>ut</span> <span class='ocrx_word' id='word_1_15' title='bbox 588 397 631 463; x_wconf 90' lang='lat' dir='ltr'>od</span> <span class='ocrx_word' id='word_1_16' title='bbox 648 396 854 481; x_wconf 71' lang='lat' dir='ltr'>disdiapason</span> <span class='ocrx_word' id='word_1_17' title='bbox 870 395 1079 479; x_wconf 74' lang='lat' dir='ltr'>protenderet</span> <span class='ocrx_word' id='word_1_18' title='bbox 1094 414 1189 461; x_wconf 79' lang='lat' dir='ltr'>sono</span> 
     </span>
     <span class='ocr_line' id='line_1_4' title="bbox 161 499 1190 594; baseline -0.004 -23"><span class='ocrx_word' id='word_1_19' title='bbox 161 526 236 571; x_wconf 88' lang='lat' dir='ltr'>rum</span> <span class='ocrx_word' id='word_1_20' title='bbox 262 510 421 594; x_wconf 73' lang='lat' dir='ltr'>systema,</span> <span class='ocrx_word' id='word_1_21' title='bbox 448 510 485 571; x_wconf 91' lang='lat' dir='ltr'>et</span> <span class='ocrx_word' id='word_1_22' title='bbox 510 505 540 571; x_wconf 89' lang='lat' dir='ltr'>si</span> <span class='ocrx_word' id='word_1_23' title='bbox 566 525 624 571; x_wconf 86' lang='lat' dir='ltr'>sex</span> <span class='ocrx_word' id='word_1_24' title='bbox 650 502 818 591; x_wconf 81' lang='lat' dir='ltr'>analogius</span> <span class='ocrx_word' id='word_1_25' title='bbox 839 502 974 587; x_wconf 85' lang='lat' dir='ltr'>aceepit,</span> <span class='ocrx_word' id='word_1_26' title='bbox 1003 499 1190 567; x_wconf 86' lang='lat' dir='ltr'>recentioris</span> 
     </span>
     <span class='ocr_line' id='line_1_5' title="bbox 160 608 1191 696; baseline -0.006 -18"><span class='ocrx_word' id='word_1_27' title='bbox 160 633 234 679; x_wconf 89' lang='lat' dir='ltr'>eum</span> <span class='ocrx_word' id='word_1_28' title='bbox 252 612 355 681; x_wconf 81' lang='lat' dir='ltr'>fuisse</span> <span class='ocrx_word' id='word_1_29' title='bbox 372 611 491 679; x_wconf 81' lang='lat' dir='ltr'>estatis</span> <span class='ocrx_word' id='word_1_30' title='bbox 508 609 691 696; x_wconf 90' lang='lat' dir='ltr'>putandum</span> <span class='ocrx_word' id='word_1_31' title='bbox 709 614 768 676; x_wconf 85' lang='lat' dir='ltr'>est</span> <span class='ocrx_word' id='word_1_32' title='bbox 804 612 916 677; x_wconf 88' lang='lat' dir='ltr'>eontra</span> <span class='ocrx_word' id='word_1_33' title='bbox 933 608 1021 694; x_wconf 90' lang='lat' dir='ltr'>quod</span> <span class='ocrx_word' id='word_1_34' title='bbox 1034 611 1191 693; x_wconf 90' lang='lat' dir='ltr'>quattuor</span> 
     </span>
     <span class='ocr_line' id='line_1_6' title="bbox 161 714 1189 804; baseline -0.009 -16"><span class='ocrx_word' id='word_1_35' title='bbox 161 722 230 787; x_wconf 90' lang='lat' dir='ltr'>eius</span> <span class='ocrx_word' id='word_1_36' title='bbox 248 720 331 787; x_wconf 82' lang='lat' dir='ltr'>disci</span> <span class='ocrx_word' id='word_1_37' title='bbox 347 722 582 803; x_wconf 86' lang='lat' dir='ltr'>memorantur,</span> <span class='ocrx_word' id='word_1_38' title='bbox 600 739 668 784; x_wconf 91' lang='lat' dir='ltr'>non</span> <span class='ocrx_word' id='word_1_39' title='bbox 686 718 804 804; x_wconf 84' lang='lat' dir='ltr'>plures,</span> <span class='ocrx_word' id='word_1_40' title='bbox 822 717 909 803; x_wconf 91' lang='lat' dir='ltr'>quod</span> <span class='ocrx_word' id='word_1_41' title='bbox 927 738 992 781; x_wconf 88' lang='lat' dir='ltr'>una</span> <span class='ocrx_word' id='word_1_42' title='bbox 1009 736 1083 781; x_wconf 90' lang='lat' dir='ltr'>oum</span> <span class='ocrx_word' id='word_1_43' title='bbox 1099 714 1189 781; x_wconf 86' lang='lat' dir='ltr'>illius</span> 
     </span>
     <span class='ocr_line' id='line_1_7' title="bbox 160 820 1189 912; baseline -0.008 -17"><span class='ocrx_word' id='word_1_44' title='bbox 160 824 329 912; x_wconf 76' lang='lat' dir='ltr'>discipulis</span> <span class='ocrx_word' id='word_1_45' title='bbox 362 824 549 909; x_wconf 87' lang='lat' dir='ltr'>appellatur</span> <span class='ocrx_word' id='word_1_46' title='bbox 576 824 678 891; x_wconf 79' lang='lat' dir='ltr'>Laena</span> <span class='ocrx_word' id='word_1_47' title='bbox 706 822 885 909; x_wconf 78' lang='lat' dir='ltr'>Hipparchi</span> <span class='ocrx_word' id='word_1_48' title='bbox 912 824 1018 889; x_wconf 87' lang='lat' dir='ltr'>socius</span> <span class='ocrx_word' id='word_1_49' title='bbox 1044 820 1189 889; x_wconf 89' lang='lat' dir='ltr'>Pindari·</span> 
     </span>
    </p>
   </div>
   <div class='ocr_carea' id='block_1_3' title="bbox 158 929 1189 3061">
    <p class='ocr_par' dir='ltr' id='par_1_3' title="bbox 158 929 1189 2093">
     <span class='ocr_line' id='line_1_8' title="bbox 160 929 1189 1021; baseline -0.006 -22"><span class='ocrx_word' id='word_1_50' title='bbox 160 956 223 1021; x_wconf 88' lang='lat' dir='ltr'>qne</span> <span class='ocrx_word' id='word_1_51' title='bbox 245 932 412 1021; x_wconf 87' lang='lat' dir='ltr'>magister,</span> <span class='ocrx_word' id='word_1_52' title='bbox 436 932 478 998; x_wconf 88' lang='lat' dir='ltr'>sd</span> <span class='ocrx_word' id='word_1_53' title='bbox 500 930 666 999; x_wconf 77' lang='lat' dir='ltr'>saeculum</span> <span class='ocrx_word' id='word_1_54' title='bbox 685 929 734 997; x_wconf 88' lang='lat' dir='ltr'>VI</span> <span class='ocrx_word' id='word_1_55' title='bbox 756 952 830 997; x_wconf 88' lang='lat' dir='ltr'>eum</span> <span class='ocrx_word' id='word_1_56' title='bbox 853 931 1017 1016; x_wconf 80' lang='lat' dir='ltr'>putareris</span> <span class='ocrx_word' id='word_1_57' title='bbox 1039 950 1189 994; x_wconf 81' lang='lat' dir='ltr'>revocen-</span> 
     </span>
     <span class='ocr_line' id='line_1_9' title="bbox 160 1035 1188 1125; baseline -0.006 -19"><span class='ocrx_word' id='word_1_58' title='bbox 160 1041 245 1107; x_wconf 84' lang='lat' dir='ltr'>dum.</span> <span class='ocrx_word' id='word_1_59' title='bbox 300 1043 337 1105; x_wconf 87' lang='lat' dir='ltr'>et</span> <span class='ocrx_word' id='word_1_60' title='bbox 367 1038 588 1106; x_wconf 76' lang='lat' dir='ltr'>consideranti</span> <span class='ocrx_word' id='word_1_61' title='bbox 618 1038 716 1125; x_wconf 83' lang='lat' dir='ltr'>mihi,</span> <span class='ocrx_word' id='word_1_62' title='bbox 748 1060 845 1123; x_wconf 88' lang='lat' dir='ltr'>quam</span> <span class='ocrx_word' id='word_1_63' title='bbox 876 1058 977 1123; x_wconf 89' lang='lat' dir='ltr'>prope</span> <span class='ocrx_word' id='word_1_64' title='bbox 1008 1037 1044 1101; x_wconf 93' lang='lat' dir='ltr'>in</span> <span class='ocrx_word' id='word_1_65' title='bbox 1075 1035 1188 1101; x_wconf 87' lang='lat' dir='ltr'>mundi</span> 
     </span>
     <span class='ocr_line' id='line_1_10' title="bbox 158 1142 1187 1236; baseline -0.005 -23"><span class='ocrx_word' id='word_1_66' title='bbox 158 1147 369 1236; x_wconf 72' lang='lat' dir='ltr'>generatione</span> <span class='ocrx_word' id='word_1_67' title='bbox 396 1146 573 1235; x_wconf 81' lang='lat' dir='ltr'>cogitanda</span> <span class='ocrx_word' id='word_1_68' title='bbox 600 1146 731 1213; x_wconf 74' lang='lat' dir='ltr'>emedat</span> <span class='ocrx_word' id='word_1_69' title='bbox 758 1145 799 1228; x_wconf 80' lang='lat' dir='ltr'>ud</span> <span class='ocrx_word' id='word_1_70' title='bbox 823 1143 938 1211; x_wconf 88' lang='lat' dir='ltr'>Ionum</span> <span class='ocrx_word' id='word_1_71' title='bbox 965 1142 1187 1229; x_wconf 86' lang='lat' dir='ltr'>philosophos,</span> 
     </span>
     <span class='ocr_line' id='line_1_11' title="bbox 159 1251 1187 1339; baseline -0.005 -18"><span class='ocrx_word' id='word_1_72' title='bbox 159 1256 227 1321; x_wconf 81' lang='lat' dir='ltr'>veri</span> <span class='ocrx_word' id='word_1_73' title='bbox 250 1253 358 1321; x_wconf 91' lang='lat' dir='ltr'>multo</span> <span class='ocrx_word' id='word_1_74' title='bbox 381 1254 514 1321; x_wconf 79' lang='lat' dir='ltr'>videtur</span> <span class='ocrx_word' id='word_1_75' title='bbox 533 1253 674 1319; x_wconf 88' lang='lat' dir='ltr'>similius</span> <span class='ocrx_word' id='word_1_76' title='bbox 696 1253 832 1339; x_wconf 84' lang='lat' dir='ltr'>entique</span> <span class='ocrx_word' id='word_1_77' title='bbox 853 1273 927 1317; x_wconf 92' lang='lat' dir='ltr'>eum</span> <span class='ocrx_word' id='word_1_78' title='bbox 949 1251 1049 1317; x_wconf 86' lang='lat' dir='ltr'>fuisse</span> <span class='ocrx_word' id='word_1_79' title='bbox 1070 1254 1187 1336; x_wconf 85' lang='lat' dir='ltr'>aetate,</span> 
     </span>
     <span class='ocr_line' id='line_1_12' title="bbox 158 1358 1185 1449; baseline -0.006 -19"><span class='ocrx_word' id='word_1_80' title='bbox 158 1366 198 1429; x_wconf 83' lang='lat' dir='ltr'>ut</span> <span class='ocrx_word' id='word_1_81' title='bbox 217 1360 370 1429; x_wconf 83' lang='lat' dir='ltr'>Philoleo</span> <span class='ocrx_word' id='word_1_82' title='bbox 395 1361 609 1429; x_wconf 72' lang='lat' dir='ltr'>antecederet</span> <span class='ocrx_word' id='word_1_83' title='bbox 654 1380 712 1427; x_wconf 81' lang='lat' dir='ltr'>sex</span> <span class='ocrx_word' id='word_1_84' title='bbox 733 1359 900 1449; x_wconf 82' lang='lat' dir='ltr'>analogius</span> <span class='ocrx_word' id='word_1_85' title='bbox 922 1358 973 1425; x_wconf 84' lang='lat' dir='ltr'>rel</span> <span class='ocrx_word' id='word_1_86' title='bbox 995 1358 1185 1425; x_wconf 88' lang='lat' dir='ltr'>medietetes</span> 
     </span>
     <span class='ocr_line' id='line_1_13' title="bbox 159 1466 1187 1556; baseline -0.006 -19"><span class='ocrx_word' id='word_1_87' title='bbox 159 1490 233 1537; x_wconf 87' lang='lat' dir='ltr'>eum</span> <span class='ocrx_word' id='word_1_88' title='bbox 254 1470 386 1537; x_wconf 77' lang='lat' dir='ltr'>novisse</span> <span class='ocrx_word' id='word_1_89' title='bbox 402 1490 501 1536; x_wconf 89' lang='lat' dir='ltr'>nemo</span> <span class='ocrx_word' id='word_1_90' title='bbox 518 1473 602 1555; x_wconf 84' lang='lat' dir='ltr'>puto</span> <span class='ocrx_word' id='word_1_91' title='bbox 621 1467 743 1556; x_wconf 79' lang='lat' dir='ltr'>oredet3</span> <span class='ocrx_word' id='word_1_92' title='bbox 764 1468 863 1533; x_wconf 85' lang='lat' dir='ltr'>etism</span> <span class='ocrx_word' id='word_1_93' title='bbox 881 1466 920 1531; x_wconf 90' lang='lat' dir='ltr'>de</span> <span class='ocrx_word' id='word_1_94' title='bbox 938 1466 1081 1553; x_wconf 89' lang='lat' dir='ltr'>quinque</span> <span class='ocrx_word' id='word_1_95' title='bbox 1098 1488 1187 1552; x_wconf 78' lang='lat' dir='ltr'>sym·</span> 
     </span>
     <span class='ocr_line' id='line_1_14' title="bbox 161 1572 1187 1664; baseline -0.004 -21"><span class='ocrx_word' id='word_1_96' title='bbox 161 1576 359 1664; x_wconf 86' lang='lat' dir='ltr'>phoniarum</span> <span class='ocrx_word' id='word_1_97' title='bbox 387 1597 526 1643; x_wconf 88' lang='lat' dir='ltr'>numero</span> <span class='ocrx_word' id='word_1_98' title='bbox 554 1581 605 1643; x_wconf 86' lang='lat' dir='ltr'>est</span> <span class='ocrx_word' id='word_1_99' title='bbox 631 1574 721 1662; x_wconf 87' lang='lat' dir='ltr'>quod</span> <span class='ocrx_word' id='word_1_100' title='bbox 742 1572 884 1659; x_wconf 79' lang='lat' dir='ltr'>dubites,</span> <span class='ocrx_word' id='word_1_101' title='bbox 910 1575 988 1660; x_wconf 92' lang='lat' dir='ltr'>quia</span> <span class='ocrx_word' id='word_1_102' title='bbox 1009 1574 1051 1641; x_wconf 90' lang='lat' dir='ltr'>ad</span> <span class='ocrx_word' id='word_1_103' title='bbox 1072 1572 1187 1639; x_wconf 80' lang='lat' dir='ltr'>disdia</span> 
     </span>
     <span class='ocr_line' id='line_1_15' title="bbox 160 1680 1187 1771; baseline -0.005 -19"><span class='ocrx_word' id='word_1_104' title='bbox 160 1704 264 1771; x_wconf 83' lang='lat' dir='ltr'>paeon</span> <span class='ocrx_word' id='word_1_105' title='bbox 286 1680 402 1751; x_wconf 75' lang='lat' dir='ltr'>Greeoi</span> <span class='ocrx_word' id='word_1_106' title='bbox 425 1686 570 1769; x_wconf 79' lang='lat' dir='ltr'>systema</span> <span class='ocrx_word' id='word_1_107' title='bbox 590 1704 661 1749; x_wconf 91' lang='lat' dir='ltr'>non</span> <span class='ocrx_word' id='word_1_108' title='bbox 682 1683 731 1749; x_wconf 90' lang='lat' dir='ltr'>ita</span> <span class='ocrx_word' id='word_1_109' title='bbox 751 1682 895 1768; x_wconf 86' lang='lat' dir='ltr'>antiquis</span> <span class='ocrx_word' id='word_1_110' title='bbox 915 1680 1116 1767; x_wconf 79' lang='lat' dir='ltr'>temporibus</span> <span class='ocrx_word' id='word_1_111' title='bbox 1133 1702 1187 1747; x_wconf 88' lang='lat' dir='ltr'>ex·</span> 
     </span>
     <span class='ocr_line' id='line_1_16' title="bbox 161 1788 1185 1877; baseline -0.003 -20"><span class='ocrx_word' id='word_1_112' title='bbox 161 1790 344 1858; x_wconf 83' lang='lat' dir='ltr'>tenderunt</span> <span class='ocrx_word' id='word_1_113' title='bbox 389 1795 500 1857; x_wconf 85' lang='lat' dir='ltr'>exstat</span> <span class='ocrx_word' id='word_1_114' title='bbox 529 1791 630 1857; x_wconf 89' lang='lat' dir='ltr'>etiam</span> <span class='ocrx_word' id='word_1_115' title='bbox 661 1790 753 1857; x_wconf 88' lang='lat' dir='ltr'>loeus</span> <span class='ocrx_word' id='word_1_116' title='bbox 781 1790 913 1877; x_wconf 83' lang='lat' dir='ltr'>quidum</span> <span class='ocrx_word' id='word_1_117' title='bbox 939 1788 1088 1874; x_wconf 86' lang='lat' dir='ltr'>mutilus,</span> <span class='ocrx_word' id='word_1_118' title='bbox 1120 1810 1185 1875; x_wconf 91' lang='lat' dir='ltr'>quo</span> 
     </span>
     <span class='ocr_line' id='line_1_17' title="bbox 160 1896 1185 1984; baseline -0.004 -18"><span class='ocrx_word' id='word_1_119' title='bbox 160 1918 324 1966; x_wconf 80' lang='lat' dir='ltr'>summum</span> <span class='ocrx_word' id='word_1_120' title='bbox 341 1898 498 1965; x_wconf 88' lang='lat' dir='ltr'>meritum</span> <span class='ocrx_word' id='word_1_121' title='bbox 511 1896 660 1983; x_wconf 87' lang='lat' dir='ltr'>Hippeso</span> <span class='ocrx_word' id='word_1_122' title='bbox 679 1896 836 1963; x_wconf 75' lang='lat' dir='ltr'>vindicari</span> <span class='ocrx_word' id='word_1_123' title='bbox 853 1897 993 1984; x_wconf 81' lang='lat' dir='ltr'>videtur3</span> <span class='ocrx_word' id='word_1_124' title='bbox 1011 1917 1093 1982; x_wconf 89' lang='lat' dir='ltr'>quae</span> <span class='ocrx_word' id='word_1_125' title='bbox 1111 1918 1185 1963; x_wconf 88' lang='lat' dir='ltr'>cum</span> 
     </span>
     <span class='ocr_line' id='line_1_18' title="bbox 159 2002 1185 2093; baseline -0.005 -20"><span class='ocrx_word' id='word_1_126' title='bbox 159 2004 214 2073; x_wconf 92' lang='lat' dir='ltr'>hio</span> <span class='ocrx_word' id='word_1_127' title='bbox 230 2027 394 2093; x_wconf 86' lang='lat' dir='ltr'>exponere</span> <span class='ocrx_word' id='word_1_128' title='bbox 410 2005 550 2093; x_wconf 91' lang='lat' dir='ltr'>longum</span> <span class='ocrx_word' id='word_1_129' title='bbox 568 2006 621 2092; x_wconf 89' lang='lat' dir='ltr'>sit,</span> <span class='ocrx_word' id='word_1_130' title='bbox 639 2006 772 2072; x_wconf 91' lang='lat' dir='ltr'>remitto</span> <span class='ocrx_word' id='word_1_131' title='bbox 792 2005 833 2071; x_wconf 84' lang='lat' dir='ltr'>ad</span> <span class='ocrx_word' id='word_1_132' title='bbox 849 2010 995 2090; x_wconf 89' lang='lat' dir='ltr'>tempora</span> <span class='ocrx_word' id='word_1_133' title='bbox 1012 2002 1185 2089; x_wconf 80' lang='lat' dir='ltr'>Archytae.</span> 
     </span>
    </p>

    <p class='ocr_par' dir='ltr' id='par_1_4' title="bbox 158 2110 1185 3061">
     <span class='ocr_line' id='line_1_19' title="bbox 224 2110 1183 2199; baseline -0.005 -18"><span class='ocrx_word' id='word_1_134' title='bbox 224 2112 430 2181; x_wconf 85' lang='lat' dir='ltr'>Philolaus</span> <span class='ocrx_word' id='word_1_135' title='bbox 456 2112 606 2199; x_wconf 87' lang='lat' dir='ltr'>profecto</span> <span class='ocrx_word' id='word_1_136' title='bbox 633 2113 728 2180; x_wconf 79' lang='lat' dir='ltr'>novit</span> <span class='ocrx_word' id='word_1_137' title='bbox 754 2113 973 2179; x_wconf 82' lang='lat' dir='ltr'>harmonicum</span> <span class='ocrx_word' id='word_1_138' title='bbox 1001 2110 1183 2199; x_wconf 82' lang='lat' dir='ltr'>analogiam</span> 
     </span>
     <span class='ocr_line' id='line_1_20' title="bbox 158 2219 1184 2307; baseline -0.005 -18"><span class='ocrx_word' id='word_1_139' title='bbox 158 2222 219 2289; x_wconf 86' lang='grc'>68</span> <span class='ocrx_word' id='word_1_140' title='bbox 240 2223 293 2306; x_wconf 85' lang='lat'>12,</span> <span class='ocrx_word' id='word_1_141' title='bbox 312 2244 410 2307; x_wconf 89' lang='lat' dir='ltr'>quam</span> <span class='ocrx_word' id='word_1_142' title='bbox 430 2221 668 2287; x_wconf 86' lang='lat' dir='ltr'>demonstrasse</span> <span class='ocrx_word' id='word_1_143' title='bbox 687 2220 805 2286; x_wconf 90' lang='lat' dir='ltr'>dieitur</span> <span class='ocrx_word' id='word_1_144' title='bbox 818 2220 963 2286; x_wconf 89' lang='lat' dir='ltr'>adhibito</span> <span class='ocrx_word' id='word_1_145' title='bbox 980 2219 1072 2305; x_wconf 82' lang='lat' dir='ltr'>cubo,</span> <span class='ocrx_word' id='word_1_146' title='bbox 1093 2219 1184 2284; x_wconf 86' lang='lat' dir='ltr'>ouius</span> 
     </span>
     <span class='ocr_line' id='line_1_21' title="bbox 159 2325 1184 2416; baseline -0.004 -21"><span class='ocrx_word' id='word_1_147' title='bbox 159 2350 215 2395; x_wconf 87' lang='lat' dir='ltr'>sex</span> <span class='ocrx_word' id='word_1_148' title='bbox 237 2332 346 2395; x_wconf 86' lang='lat' dir='ltr'>essent</span> <span class='ocrx_word' id='word_1_149' title='bbox 369 2329 566 2414; x_wconf 82' lang='lat' dir='ltr'>superficies,</span> <span class='ocrx_word' id='word_1_150' title='bbox 590 2332 664 2393; x_wconf 90' lang='lat' dir='ltr'>ooto</span> <span class='ocrx_word' id='word_1_151' title='bbox 689 2327 809 2416; x_wconf 73' lang='lat' dir='ltr'>unguii,</span> <span class='ocrx_word' id='word_1_152' title='bbox 830 2328 969 2393; x_wconf 86' lang='lat' dir='ltr'>laterum</span> <span class='ocrx_word' id='word_1_153' title='bbox 986 2327 1089 2393; x_wconf 89' lang='lat' dir='ltr'>lineae</span> <span class='ocrx_word' id='word_1_154' title='bbox 1108 2325 1184 2391; x_wconf 91' lang='lat' dir='ltr'>duo·</span> 
     </span>
     <span class='ocr_line' id='line_1_22' title="bbox 159 2434 1185 2523; baseline -0.003 -21"><span class='ocrx_word' id='word_1_155' title='bbox 159 2434 290 2523; x_wconf 87' lang='lat' dir='ltr'>deeim¹,</span> <span class='ocrx_word' id='word_1_156' title='bbox 312 2440 347 2503; x_wconf 90' lang='lat' dir='ltr'>et</span> <span class='ocrx_word' id='word_1_157' title='bbox 369 2436 409 2503; x_wconf 89' lang='lat' dir='ltr'>de</span> <span class='ocrx_word' id='word_1_158' title='bbox 431 2458 644 2503; x_wconf 89' lang='lat' dir='ltr'>numerorum</span> <span class='ocrx_word' id='word_1_159' title='bbox 667 2437 860 2502; x_wconf 85' lang='lat' dir='ltr'>auctoritate</span> <span class='ocrx_word' id='word_1_160' title='bbox 877 2436 961 2501; x_wconf 88' lang='lat' dir='ltr'>idem</span> <span class='ocrx_word' id='word_1_161' title='bbox 980 2434 1084 2500; x_wconf 89' lang='lat' dir='ltr'>multa</span> <span class='ocrx_word' id='word_1_162' title='bbox 1101 2434 1185 2499; x_wconf 92' lang='lat' dir='ltr'>mira</span> 
     </span>
     <span class='ocr_line' id='line_1_23' title="bbox 158 2538 1183 2632; baseline -0.004 -22"><span class='ocrx_word' id='word_1_163' title='bbox 158 2544 335 2611; x_wconf 86' lang='lat' dir='ltr'>somniavit</span> <span class='ocrx_word' id='word_1_164' title='bbox 367 2541 539 2632; x_wconf 85' lang='lat' dir='ltr'>(Theolog.</span> <span class='ocrx_word' id='word_1_165' title='bbox 559 2566 604 2609; x_wconf 91' lang='lat' dir='ltr'>ar.</span> <span class='ocrx_word' id='word_1_166' title='bbox 624 2565 656 2629; x_wconf 92' lang='lat' dir='ltr'>p.</span> <span class='ocrx_word' id='word_1_167' title='bbox 671 2545 714 2609; x_wconf 87' lang='grc'>55</span> <span class='ocrx_word' id='word_1_168' title='bbox 733 2541 804 2609; x_wconf 83' lang='lat' dir='ltr'>Ast.</span> <span class='ocrx_word' id='word_1_169' title='bbox 822 2542 955 2608; x_wconf 87' lang='lat' dir='ltr'>Boetius</span> <span class='ocrx_word' id='word_1_170' title='bbox 973 2564 1054 2607; x_wconf 90' lang='lat' dir='ltr'>mus.</span> <span class='ocrx_word' id='word_1_171' title='bbox 1072 2538 1183 2629; x_wconf 86' lang='lat'>1115).</span> 
     </span>
     <span class='ocr_line' id='line_1_24' title="bbox 158 2649 1183 2737; baseline -0.004 -20"><span class='ocrx_word' id='word_1_172' title='bbox 158 2671 314 2718; x_wconf 86' lang='lat' dir='ltr'>sonorum</span> <span class='ocrx_word' id='word_1_173' title='bbox 356 2651 541 2717; x_wconf 88' lang='lat' dir='ltr'>rationibus</span> <span class='ocrx_word' id='word_1_174' title='bbox 577 2650 774 2737; x_wconf 86' lang='lat' dir='ltr'>reperiendis</span> <span class='ocrx_word' id='word_1_175' title='bbox 809 2672 876 2716; x_wconf 91' lang='lat' dir='ltr'>non</span> <span class='ocrx_word' id='word_1_176' title='bbox 910 2649 1015 2715; x_wconf 86' lang='lat' dir='ltr'>solum</span> <span class='ocrx_word' id='word_1_177' title='bbox 1052 2670 1183 2734; x_wconf 92' lang='lat' dir='ltr'>operam</span> 
     </span>
     <span class='ocr_line' id='line_1_25' title="bbox 158 2756 1184 2847; baseline -0.005 -22"><span class='ocrx_word' id='word_1_178' title='bbox 158 2759 248 2826; x_wconf 90' lang='lat' dir='ltr'>dedit</span> <span class='ocrx_word' id='word_1_179' title='bbox 269 2757 315 2847; x_wconf 82' lang='lat' dir='ltr'>(v.</span> <span class='ocrx_word' id='word_1_180' title='bbox 328 2781 427 2845; x_wconf 83' lang='lat' dir='ltr'>supro</span> <span class='ocrx_word' id='word_1_181' title='bbox 440 2780 472 2844; x_wconf 92' lang='lat' dir='ltr'>p.</span> <span class='ocrx_word' id='word_1_182' title='bbox 488 2760 552 2825; x_wconf 79' lang='lat'>127</span> <span class='ocrx_word' id='word_1_183' title='bbox 568 2782 596 2824; x_wconf 92' lang='lat' dir='ltr'>a.</span> <span class='ocrx_word' id='word_1_184' title='bbox 610 2757 662 2847; x_wconf 83' lang='lat'>4),</span> <span class='ocrx_word' id='word_1_185' title='bbox 685 2759 741 2824; x_wconf 88' lang='lat' dir='ltr'>sed</span> <span class='ocrx_word' id='word_1_186' title='bbox 763 2759 886 2824; x_wconf 82' lang='lat' dir='ltr'>invenit</span> <span class='ocrx_word' id='word_1_187' title='bbox 907 2779 991 2823; x_wconf 83' lang='lat' dir='ltr'>nora</span> <span class='ocrx_word' id='word_1_188' title='bbox 1013 2761 1047 2821; x_wconf 93' lang='lat' dir='ltr'>et</span> <span class='ocrx_word' id='word_1_189' title='bbox 1070 2756 1184 2843; x_wconf 83' lang='lat' dir='ltr'>grevia</span> 
     </span>
     <span class='ocr_line' id='line_1_26' title="bbox 158 2862 1183 2950; baseline -0.005 -18"><span class='ocrx_word' id='word_1_190' title='bbox 158 2866 197 2933; x_wconf 93' lang='lat' dir='ltr'>de</span> <span class='ocrx_word' id='word_1_191' title='bbox 214 2864 398 2933; x_wconf 85' lang='lat' dir='ltr'>minoribus</span> <span class='ocrx_word' id='word_1_192' title='bbox 415 2864 559 2932; x_wconf 84' lang='lat' dir='ltr'>musicae</span> <span class='ocrx_word' id='word_1_193' title='bbox 577 2865 767 2931; x_wconf 84' lang='lat' dir='ltr'>intervallis.</span> <span class='ocrx_word' id='word_1_194' title='bbox 803 2865 956 2950; x_wconf 86' lang='lat' dir='ltr'>diapason</span> <span class='ocrx_word' id='word_1_195' title='bbox 972 2863 1057 2929; x_wconf 89' lang='lat' dir='ltr'>enim</span> <span class='ocrx_word' id='word_1_196' title='bbox 1072 2862 1183 2928; x_wconf 84' lang='lat' dir='ltr'>divisit</span> 
     </span>
     <span class='ocr_line' id='line_1_27' title="bbox 158 2968 1183 3061; baseline -0.003 -21"><span class='ocrx_word' id='word_1_197' title='bbox 158 2974 193 3041; x_wconf 91' lang='lat' dir='ltr'>in</span> <span class='ocrx_word' id='word_1_198' title='bbox 210 2974 329 3061; x_wconf 88' lang='lat' dir='ltr'>quinos</span> <span class='ocrx_word' id='word_1_199' title='bbox 343 2977 441 3039; x_wconf 89' lang='lat' dir='ltr'>tonos</span> <span class='ocrx_word' id='word_1_200' title='bbox 455 2978 489 3039; x_wconf 90' lang='lat' dir='ltr'>et</span> <span class='ocrx_word' id='word_1_201' title='bbox 502 2973 582 3039; x_wconf 87' lang='lat' dir='ltr'>hina</span> <span class='ocrx_word' id='word_1_202' title='bbox 594 2973 752 3059; x_wconf 72' lang='lat' dir='ltr'>limmate,</span> <span class='ocrx_word' id='word_1_203' title='bbox 771 2995 851 3059; x_wconf 87' lang='lat' dir='ltr'>quae</span> <span class='ocrx_word' id='word_1_204' title='bbox 865 2969 1049 3057; x_wconf 77' lang='lat' dir='ltr'>appellabat</span> <span class='ocrx_word' id='word_1_205' title='bbox 1062 2968 1183 3037; x_wconf 67' lang='lat' dir='ltr'>dieses*</span> 
     </span>
    </p>
   </div>
   <div class='ocr_carea' id='block_1_4' title="bbox 155 3162 1180 3598">
    <p class='ocr_par' dir='ltr' id='par_1_5' title="bbox 156 3162 1180 3311">
     <span class='ocr_line' id='line_1_28' title="bbox 230 3162 1180 3238; baseline -0.002 -15"><span class='ocrx_word' id='word_1_206' title='bbox 230 3175 244 3223; x_wconf 92' lang='grc'>1</span> <span class='ocrx_word' id='word_1_207' title='bbox 267 3166 438 3224; x_wconf 75' lang='lat' dir='ltr'>Nicomachi</span> <span class='ocrx_word' id='word_1_208' title='bbox 461 3183 502 3225; x_wconf 84' lang='lat' dir='ltr'>er.</span> <span class='ocrx_word' id='word_1_209' title='bbox 522 3168 617 3238; x_wconf 74' lang='lat'>1126,</span> <span class='ocrx_word' id='word_1_210' title='bbox 637 3174 662 3225; x_wconf 81' lang='lat'>2.</span> <span class='ocrx_word' id='word_1_211' title='bbox 689 3168 770 3224; x_wconf 91' lang='lat' dir='ltr'>Boet.</span> <span class='ocrx_word' id='word_1_212' title='bbox 793 3183 833 3222; x_wconf 89' lang='lat' dir='ltr'>ar.</span> <span class='ocrx_word' id='word_1_213' title='bbox 852 3166 933 3222; x_wconf 78' lang='lat' dir='ltr'>nae.</span> <span class='ocrx_word' id='word_1_214' title='bbox 971 3162 1121 3220; x_wconf 88' lang='lat' dir='ltr'>Iambliohi</span> <span class='ocrx_word' id='word_1_215' title='bbox 1140 3181 1180 3222; x_wconf 80' lang='lat' dir='ltr'>ar.</span> 
     </span>
     <span class='ocr_line' id='line_1_29' title="bbox 156 3239 954 3311; baseline -0.003 -16"><span class='ocrx_word' id='word_1_216' title='bbox 156 3257 184 3311; x_wconf 87' lang='lat' dir='ltr'>p.</span> <span class='ocrx_word' id='word_1_217' title='bbox 204 3244 264 3296; x_wconf 76' lang='grc'><strong>168.</strong></span> <span class='ocrx_word' id='word_1_218' title='bbox 302 3239 419 3295; x_wconf 80' lang='lat' dir='ltr'>Boeclsh</span> <span class='ocrx_word' id='word_1_219' title='bbox 437 3239 585 3296; x_wconf 88' lang='lat' dir='ltr'>Philolaus</span> <span class='ocrx_word' id='word_1_220' title='bbox 604 3259 632 3311; x_wconf 87' lang='lat' dir='ltr'>p.</span> <span class='ocrx_word' id='word_1_221' title='bbox 647 3246 682 3297; x_wconf 74' lang='lat' dir='ltr'>dt</span> <span class='ocrx_word' id='word_1_222' title='bbox 696 3243 722 3310; x_wconf 63' lang='grc' dir='ltr'>(ς</span> <span class='ocrx_word' id='word_1_223' title='bbox 738 3243 765 3311; x_wconf 86' lang='grc'>8)</span> <span class='ocrx_word' id='word_1_224' title='bbox 784 3241 814 3295; x_wconf 91' lang='lat' dir='ltr'>et</span> <span class='ocrx_word' id='word_1_225' title='bbox 831 3243 864 3292; x_wconf 82' lang='grc'>87</span> <span class='ocrx_word' id='word_1_226' title='bbox 878 3241 904 3308; x_wconf 67' lang='lat'>(5</span> <span class='ocrx_word' id='word_1_227' title='bbox 919 3239 954 3307; x_wconf 80' lang='lat'>9).</span> 
     </span>
    </p>

    <p class='ocr_par' dir='ltr' id='par_1_6' title="bbox 155 3308 1180 3598">
     <span class='ocr_line' id='line_1_30' title="bbox 228 3308 1179 3385; baseline -0.004 -19"><span class='ocrx_word' id='word_1_228' title='bbox 228 3317 246 3366; x_wconf 76' lang='lat'><strong>2</strong></span> <span class='ocrx_word' id='word_1_229' title='bbox 273 3310 374 3367; x_wconf 90' lang='lat' dir='ltr'>Diesin</span> <span class='ocrx_word' id='word_1_230' title='bbox 401 3312 646 3385; x_wconf 80' lang='lat' dir='ltr'>Pythagoreorum</span> <span class='ocrx_word' id='word_1_231' title='bbox 673 3328 735 3367; x_wconf 87' lang='lat' dir='ltr'>esse</span> <span class='ocrx_word' id='word_1_232' title='bbox 763 3309 943 3367; x_wconf 87' lang='lat' dir='ltr'>semitonium</span> <span class='ocrx_word' id='word_1_233' title='bbox 971 3308 1013 3366; x_wconf 85' lang='lat' dir='ltr'>eit</span> <span class='ocrx_word' id='word_1_234' title='bbox 1040 3308 1179 3365; x_wconf 72' lang='lat' dir='ltr'>Adrastus</span> 
     </span>
     <span class='ocr_line' id='line_1_31' title="bbox 156 3379 1180 3455; baseline -0.004 -17"><span class='ocrx_word' id='word_1_235' title='bbox 156 3383 235 3455; x_wconf 88' lang='lat' dir='ltr'>apud</span> <span class='ocrx_word' id='word_1_236' title='bbox 260 3382 406 3439; x_wconf 83' lang='lat' dir='ltr'>‘lheonem</span> <span class='ocrx_word' id='word_1_237' title='bbox 432 3390 464 3439; x_wconf 81' lang='lat'>12</span> <span class='ocrx_word' id='word_1_238' title='bbox 484 3403 512 3455; x_wconf 87' lang='lat' dir='ltr'>p.</span> <span class='ocrx_word' id='word_1_239' title='bbox 532 3390 576 3439; x_wconf 78' lang='lat'>55.</span> <span class='ocrx_word' id='word_1_240' title='bbox 623 3384 701 3454; x_wconf 91' lang='lat' dir='ltr'>quod</span> <span class='ocrx_word' id='word_1_241' title='bbox 728 3384 824 3439; x_wconf 89' lang='lat' dir='ltr'>autem</span> <span class='ocrx_word' id='word_1_242' title='bbox 850 3383 975 3438; x_wconf 78' lang='lat' dir='ltr'>veterum</span> <span class='ocrx_word' id='word_1_243' title='bbox 1004 3379 1054 3437; x_wconf 87' lang='lat' dir='ltr'>alii</span> <span class='ocrx_word' id='word_1_244' title='bbox 1082 3379 1180 3435; x_wconf 85' lang='lat' dir='ltr'>dicent</span> 
     </span>
     <span class='ocr_line' id='line_1_32' title="bbox 155 3452 1179 3527; baseline -0.006 -14"><span class='ocrx_word' id='word_1_245' title='bbox 155 3453 339 3513; x_wconf 79' lang='lat' dir='ltr'>semitonium</span> <span class='ocrx_word' id='word_1_246' title='bbox 362 3456 463 3511; x_wconf 90' lang='lat' dir='ltr'>eodem</span> <span class='ocrx_word' id='word_1_247' title='bbox 487 3455 626 3512; x_wconf 84' lang='lat' dir='ltr'>vocabulo</span> <span class='ocrx_word' id='word_1_248' title='bbox 650 3473 706 3526; x_wconf 90' lang='lat' dir='ltr'>quo</span> <span class='ocrx_word' id='word_1_249' title='bbox 730 3454 781 3511; x_wconf 87' lang='lat' dir='ltr'>alii</span> <span class='ocrx_word' id='word_1_250' title='bbox 803 3453 961 3527; x_wconf 86' lang='lat' dir='ltr'>significent</span> <span class='ocrx_word' id='word_1_251' title='bbox 983 3452 1045 3509; x_wconf 87' lang='lat' dir='ltr'>toni</span> <span class='ocrx_word' id='word_1_252' title='bbox 1067 3454 1179 3524; x_wconf 87' lang='lat' dir='ltr'>partem</span> 
     </span>
     <span class='ocr_line' id='line_1_33' title="bbox 155 3526 1179 3598; baseline -0.004 -15"><span class='ocrx_word' id='word_1_253' title='bbox 155 3528 298 3598; x_wconf 67' lang='lat' dir='ltr'>quomam,</span> <span class='ocrx_word' id='word_1_254' title='bbox 316 3526 342 3582; x_wconf 91' lang='lat' dir='ltr'>is</span> <span class='ocrx_word' id='word_1_255' title='bbox 361 3544 418 3583; x_wconf 91' lang='lat' dir='ltr'>non</span> <span class='ocrx_word' id='word_1_256' title='bbox 438 3526 566 3598; x_wconf 83' lang='lat' dir='ltr'>miratur,</span> <span class='ocrx_word' id='word_1_257' title='bbox 585 3527 635 3598; x_wconf 89' lang='lat' dir='ltr'>qui</span> <span class='ocrx_word' id='word_1_258' title='bbox 650 3526 841 3585; x_wconf 71' lang='lat' dir='ltr'>consideravit</span> <span class='ocrx_word' id='word_1_259' title='bbox 853 3528 942 3582; x_wconf 75' lang='grc' dir='ltr'><strong><em>δίεσιν</em></strong></span> <span class='ocrx_word' id='word_1_260' title='bbox 957 3542 1018 3581; x_wconf 87' lang='lat' dir='ltr'>esse</span> <span class='ocrx_word' id='word_1_261' title='bbox 1031 3526 1179 3582; x_wconf 71' lang='lat' dir='ltr'>tramitum</span> 
     </span>
    </p>
   </div>
   <div class='ocr_carea' id='block_1_5' title="bbox 0 0 1238 3870">
    <p class='ocr_par' dir='ltr' id='par_1_7' title="bbox 0 0 1238 3870">
     <span class='ocr_line' id='line_1_34' title="bbox 0 0 1238 3870; baseline 0 1"><span class='ocrx_word' id='word_1_262' title='bbox 0 0 1238 3870; x_wconf 95' lang='lat' dir='ltr'> </span> 
     </span>
    </p>
   </div>
  </div>
 </body>
</html>
