2466 3870
549 262 735 393 ,huda
851 300 911 327 -·
1070 292 1178 357 -ιιι

152 458 227 544 UL,
254 478 338 543 quae
364 454 656 543 eraut'reicieuda,
682 453 758 522 inde
780 478 801 521 a
823 456 887 521 ct
911 454 956 545 (p.
974 458 1014 524 13
1038 456 1088 547 Μ)
1111 478 1181 522 mu·

119 612 123 619 -
154 569 226 631 teto
253 567 292 628 ut
321 562 450 629 videtur
476 564 569 631 fonte
595 564 731 651 propius
758 562 881 629 acoedit
907 563 948 629 ad
974 564 1018 629 M.
1064 587 1104 631 cx
1130 561 1181 631 Μ’

153 672 237 737 scito
260 670 392 739 fluxisse
413 672 570 740 lectiones
593 670 761 761 V(atioani
781 673 844 739 191
868 669 923 736 fol
943 668 1032 758 292).
1064 694 1180 739 munus

154 782 264 845 autem
282 778 385 847 alteru
403 801 478 847 oum
495 778 581 845 nihil
599 780 667 845 fere
684 779 861 845 mutaverit
878 778 913 843 ia
930 778 1073 865 isagoga,
1095 800 1135 843 ax
1148 777 1180 841 V

105 947 110 955 .
154 887 336 974 concludes,
359 909 441 973 quae
464 887 544 953 olim
562 885 715 951 habuerit
732 886 790 951 M1.
826 908 866 952 ex
884 884 933 951 Μ3
951 885 1181 971 transscripturi

155 994 285 1061 videtur
305 993 558 1082 N(eapolitanus
581 990 632 1057 ΙΙΙ
657 991 696 1078 C,
723 994 744 1057 2
768 992 789 1057 f.
809 990 881 1081 55),
909 992 962 1057 hic
984 992 1181 1078 ubicumque

154 1101 317 1169 consentit
339 1122 413 1166 cum
431 1098 589 1165 Marciani
612 1099 812 1165 correctione
834 1098 946 1165 aVat
966 1103 999 1164 et
1016 1098 1047 1165 U
1065 1098 1180 1185 alicua,

155 1207 292 1296 signavi·
306 1204 364 1273 Μ’.
426 1208 432 1218 ’

223 1312 313 1392 Quae
334 1318 444 1379 autem
466 1315 502 1379 in
519 1312 556 1379 Μ
578 1320 724 1381 correcta
745 1313 885 1381 suntad
908 1312 1054 1398 exempla
1070 1312 1182 1379 lectio·

155 1442 235 1487 num
258 1420 451 1508 vulgarium,
470 1444 512 1487 ea
534 1421 664 1509 signavi
681 1418 739 1486 Mt
781 1425 814 1487 at
838 1443 911 1487 cum
934 1420 1048 1487 vilium
1071 1421 1182 1487 lectio·

156 1550 235 1594 num
276 1529 519 1614 contemptione
559 1529 711 1595 seductus
753 1549 792 1593 ex
828 1528 861 1595 U
902 1527 1010 1593 omnia
1050 1534 1181 1595 enotare

154 1634 302 1702 Venetiis
319 1635 543 1724 neglexissem,
560 1635 595 1700 in
613 1640 805 1722 apparatum
823 1635 978 1700 substitui
992 1633 1093 1723 L(ips.
1109 1636 1179 1724 25),

156 1740 315 1808 Marciani
337 1741 370 1809 U
392 1742 497 1809 filium
521 1748 554 1809 et
576 1742 701 1809 socium
724 1741 955 1808 fidelissimum.

224 1848 377 1915 Omnium
409 1854 519 1915 autem
554 1851 702 1915 codicum
734 1849 889 1915 lectiones
922 1871 960 1914 ex
992 1872 1057 1915 uno
1089 1850 1181 1917 fonte

156 1956 235 2022 olim
263 1955 424 2021 derivatas
452 1979 520 2023 csse
549 1959 735 2043 suspiceris,
765 1958 823 2022 ubi
850 1957 1033 2042 adspexeris
1060 1957 1180 2045 glosse-

156 2067 253 2148 mata,
275 2085 357 2148 quac
375 2065 575 2149 irrepserrmt
594 2067 628 2131 in
648 2087 759 2131 omncs
777 2064 936 2130 librorum
959 2065 1106 2131 familiae.
1144 2069 1181 2130 ut

157 2171 191 2235 in
210 2172 269 2235 c.2
289 2170 417 2256 ἀμφοῖν
436 2173 499 2257 γὰρ
520 2171 601 2236 illud
620 2173 683 2258 γάρ
702 2172 765 2237 nisi
784 2194 823 2237 ex
842 2177 937 2238 aucto
957 2176 1111 2239 contextu
1130 2193 1182 2238 co

157 2278 237 2344 <licis
257 2277 302 2341 W
325 2299 391 2341 nou
415 2278 626 2365 intellegitur.
673 2283 705 2343 et
729 2301 886 2345 consonas
910 2302 1003 2345 voees
1026 2282 1180 2348 misceri

157 2407 216 2450 nec
248 2385 463 2450 Aristoxenus
497 2386 620 2472 docuit,
657 2408 716 2451 uec
750 2386 846 2450 huius
883 2388 1030 2475 isagoges
1066 2393 1182 2453 auctor

158 2492 286 2557 videtur
309 2493 463 2558 docuisse.
501 2493 602 2558 habes
626 2518 656 2579 p.
674 2495 746 2579 187,
761 2511 795 2559 20
818 2494 969 2581 glossam,
993 2497 1083 2560 cuius
1105 2519 1180 2581 pars

159 2601 291 2685 irrepsit
318 2603 351 2664 et
379 2601 413 2664 iu
442 2602 584 2686 optimos
611 2600 721 2666 libros.
768 2623 827 2666 nec
849 2606 943 2687 puto,
971 2607 1051 2688 quot
1074 2608 1181 2668 essent

158 2707 387 2773 consonantiae
428 2709 463 2773 in
505 2731 737 2793 synemmenon
779 2713 966 2797 systemata,
1007 2711 1047 2775 ab
1085 2711 1179 2777 initio

157 2816 314 2899 scriptum
343 2816 442 2880 fuisse
471 2818 504 2880 in
532 2815 593 2881 hac
621 2817 764 2904 isagoga.
810 2821 918 2901 partes
947 2819 1031 2882 enirn
1060 2819 1181 2883 habent

158 2923 254 2988 huius
278 2923 324 2988 rei
348 2922 427 2988 MW
451 2924 511 2988 sub
541 2926 638 2989 tinem
664 2946 730 3009 cap.
751 2927 784 3010 8,
815 2947 881 2989 non
908 2925 1029 2990 habant
1052 2925 1179 3010 plenam

158 3031 366 3116 sententiam,
399 3054 457 3096 nec
491 3055 572 3117 opus
600 3032 664 3096 fuit
692 3032 771 3096 haec
799 3032 921 3098 addere.
973 3038 1005 3098 et
1032 3032 1182 3118 sympho

157 3139 285 3203 uiarum
314 3139 436 3203 formae
466 3161 548 3224 quae
576 3139 642 3203 sint
670 3139 705 3202 iu
732 3161 848 3226 genero
876 3139 1020 3222 diatono,
1053 3141 1086 3204 iu
1114 3140 1179 3204 ct)

158 3246 202 3333 (p.
221 3247 262 3311 14
282 3249 315 3311 et
336 3249 376 3312 16
396 3245 444 3335 Μ)
470 3251 537 3311 tam
562 3246 646 3312 male
669 3247 849 3332 explicatur
871 3249 1034 3332 tantisque
1057 3246 1181 3312 mendis

157 3353 248 3418 locus
275 3354 416 3440 laborat,
446 3358 482 3418 ut
510 3357 673 3420 intrusum
700 3358 812 3439 putem
840 3355 880 3419 ab
905 3353 1034 3419 homine
1058 3354 1182 3420 Aristo·

158 3461 314 3526 xenianae
338 3460 504 3526 doctrinae
528 3463 626 3527 nimis
650 3463 810 3547 studioso,
835 3463 890 3547 qui
914 3485 978 3527 non
1003 3466 1183 3545 contentus,

158 3568 246 3654 quod
287 3568 482 3652 barypycnis
524 3570 728 3653 mesoppcnis
772 3569 933 3634 similibus
975 3571 1062 3634 sonis
1107 3568 1181 3635 illae

158 3677 282 3761 species
305 3677 489 3762 finirentur,
517 3677 678 3761 nixusque
702 3699 752 3762 eo,
781 3677 867 3762 quod
890 3698 1031 3762 pycuum
1054 3677 1182 3762 proprio

213 3792 272 3833 Mus.
287 3793 367 3842 script.
382 3793 415 3834 od.
430 3794 444 3834 J
451 3803 491 3833 au.
934 3790 970 3838 ΜΞ.
