2466 3870
133 136 176 201 10
238 107 295 125 ”’
477 84 794 189 ιἰειιοιιιολει.
890 86 899 95 ’
1008 84 1012 91 ’

129 308 263 384 πρῶτον
282 292 418 379 φέρεται
435 293 474 357 τὸ
491 302 634 376 πνεῦμα,
649 292 781 368 τούτοις
797 288 860 377 μὲν
876 293 1042 381 διάσημα
1053 296 1145 382 ἐχειν

130 396 299 489 μέγακαὶ
331 400 440 463 πολὺν
470 395 714 480 άναηκάζεσθαι
744 396 827 482 ἐέρα
855 408 978 483 κινετν,
1006 413 1079 479 τοῖς
1108 399 1142 467 δ’

95 510 246 581 τάλλοις
273 503 489 586 εύταμίευτον
516 497 612 568 εἶναι.
661 502 844 587 προιούσης
870 499 909 569 δέ
933 512 993 587 τῆς
1013 504 1145 587 ἡλικίας

132 611 239 695 ἐσχύει
262 612 391 693 μᾶλλον
412 618 512 675 τοῦτο
535 608 574 675 τὸ
596 610 715 695 μόριον
733 607 772 674 τὸ
788 616 911 675 κινοῦν
927 607 965 674 ἐν
983 606 1146 694 ἑκάστοις,

131 716 215 781 ὥστε
241 713 508 799 μεταβάλλουσιν
533 718 583 794 είς
607 716 819 800 τούναντίον,
843 710 901 781 καί
921 715 963 780 τδ
985 710 1048 799 μὲν
1068 712 1147 793 όξύ-
1172 748 1186 788 ς

131 843 229 906 φοιυα
247 823 510 911 βαρνφονότερα
530 827 657 909 γίνεται
679 823 762 890 αύτδ
782 822 906 908 αύτῶν,
925 821 967 887 τὰ
985 817 1023 887 δέ
1040 821 1146 907 βαρύ·

132 950 230 1011 φωνα
263 926 510 1017 ὀξυφωνότερα·
543 931 659 1017 διόπερ
685 930 722 997 οί
748 938 868 1015 ταῦροι
896 926 1145 1015 δξυφυνότεροι

132 1042 201 1099 τῶν
231 1039 366 1121 μόσχων
394 1035 450 1103 καὶ
476 1047 545 1103 τῶν
570 1042 720 1121 θηλειῶν
745 1038 845 1121 βοῶν.
894 1038 964 1101 ἐστι
990 1031 1054 1121 μὲν
1079 1030 1146 1102 ούν

132 1152 235 1207 πᾶσιν
256 1142 278 1227 ἡ
302 1144 397 1227 ίσχύς
420 1142 458 1208 ἐν
479 1155 551 1221 τοῖς
573 1142 721 1227 νεύροις,
743 1142 798 1208 διδ
818 1138 876 1207 καλ
896 1141 938 1207 τά
959 1140 1147 1227 ἀκμάζοντα

133 1249 240 1332 ἰσχύει
259 1253 401 1334 μᾶλλον·
420 1250 578 1335 ἄναρθρα
594 1250 659 1335 γὰρ
671 1249 712 1315 τδ
725 1245 785 1315 νέα
797 1252 927 1333 μᾶλλον
938 1246 996 1313 καλ
1009 1248 1145 1333 ἄνευρα.
1161 1278 1187 1320 ιο

133 1355 181 1419 ἐτι
205 1352 242 1419 δέ
263 1366 334 1430 τοῖς
356 1351 418 1440 μὲν
439 1352 530 1432 νέοις
552 1354 645 1421 ούπιο
666 1352 863 1438 ἐπιτέταται,
888 1360 960 1430 τοῖς
981 1349 1021 1418 δὲ
1042 1352 1147 1439 γηρά-

133 1475 273 1525 σκουσιν
290 1460 355 1543 ἤδη
378 1457 505 1524 ἀνίεται
522 1458 544 1543 ἡ
564 1462 733 1543 συντονία,
750 1458 805 1524 διὸ
822 1459 923 1543 άμφω
943 1456 1072 1542 άσδενῆ
1088 1458 1147 1525 καὶ

97 1582 114 1631 8
133 1563 282 1631 ἀδύνατα
304 1565 386 1648 πρὸς
407 1565 470 1648 τὴν
489 1567 632 1649 κίνησιν.
671 1565 811 1649 μάλιστα
829 1561 859 1629 δ’
883 1563 921 1629 ολ
933 1572 1051 1648 ταῦροι
1069 1586 1148 1631 νεν-

133 1669 252 1757 ρύδεις
279 1668 336 1735 καὶ
362 1669 383 1752 ἡ
410 1670 543 1755 καρδία·
572 1670 688 1754 διόπερ
714 1670 880 1736 σύντονον
905 1672 1019 1755 ἐχονσι
1045 1680 1147 1739 τοῦτο

134 1778 171 1843 τὸ
198 1778 318 1861 μόριον
345 1768 372 1863 β
398 1785 532 1842 κινοῦσι
559 1775 598 1842 τὸ
622 1785 753 1862 πνεῦμα
774 1775 885 1862 ὥσπερ
908 1777 1033 1861 χορδὴν
1054 1800 1147 1844 τετα-
1162 1810 1188 1850 ιι

134 1881 239 1967 μένην
260 1886 430 1967 νευρίνην.
466 1882 566 1967 δηλοί
585 1878 624 1947 δέ
645 1883 780 1966 τοιαύτη
802 1883 994 1968 τὴνφύσιν
1016 1878 1104 1949 οὖσα
1125 1883 1147 1968 ἡ

133 1989 254 2075 καρδία
276 1999 345 2054 τῶν
367 1992 459 2072 βοῶν
480 1997 526 2077 τῷ
549 1988 604 2055 καὶ
623 1988 745 2056 ὀστοῦν
768 1989 960 2073 ἐγγίνεσθαι
982 1988 1020 2054 ἐν
1042 1989 1148 2068 ἐνίαις

98 2114 115 2161 9
136 2096 259 2161 αὐτῶν·
288 2096 328 2160 τὰ
351 2094 381 2160 δ’
410 2095 492 2162 ὀστᾶ
515 2100 603 2179 ζητεῖ
622 2098 683 2180 τὴν
705 2106 765 2162 τοῦ
787 2096 912 2180 νεύρου
935 2096 1051 2181 φύσιν.
1096 2096 1147 2162 ἐκ-

134 2205 317 2287 τεμνόμενα
354 2199 391 2268 δέ
428 2204 535 2268 πάντα
574 2202 607 2279 ἐς
641 2204 678 2268 τὸ
719 2209 809 2286 θῆλυ
845 2201 1054 2287 μεταβάλλει,
1090 2202 1147 2269 καὶ

136 2310 193 2374 διὰ
219 2311 257 2374 τὸ
285 2310 441 2375 ἀνίεσθαι
468 2310 529 2392 τὴν
558 2312 655 2394 ίσχὺν
681 2311 742 2393 τὴν
764 2310 915 2394 νευρώδη
938 2309 975 2375 ἐν
1001 2320 1041 2397 τῇ
1063 2311 1148 2400 ἀρχῇ
1162 2341 1190 2382 ιο

136 2415 256 2500 ὁμοίαν
273 2416 393 2500 ἐφίησι
412 2418 531 2500 φωνην
550 2428 618 2492 τοῖς
636 2418 785 2500 θήλεσιν.
819 2415 840 2498 ἡ
859 2415 891 2481 δ’
913 2416 1026 2494 άνεσις
1043 2441 1148 2504 παρα-

139 2524 261 2605 πλησία
288 2526 430 2608 γίνεται,
461 2524 570 2607 ὥσπερ
599 2522 641 2589 ἂν
669 2530 702 2588 εί
724 2547 774 2599 τις
802 2524 927 2607 χορδὴν
955 2529 1148 2603 κατατείνας

138 2629 304 2694 σύντονον
331 2633 478 2713 ποιήσειε
505 2637 550 2716 τῷ
575 2628 689 2707 ἐξάψαι
713 2654 744 2694 τι
767 2628 884 2715 βάρος,
911 2620 985 2694 οἷον
1010 2631 1051 2715 δὴ
1075 2654 1148 2697 ποι-

136 2743 236 2800 οῦσιν
259 2737 297 2800 αί
316 2739 396 2814 τοὺς
419 2738 532 2813 ίστοὺς
554 2737 768 2820 ὑφαίνουσαι.
803 2734 858 2801 καὶ
881 2738 944 2821 γὰρ
967 2731 1065 2802 αὗται
1088 2741 1147 2804 τὸν

137 2843 293 2926 στήμονα.
314 2848 544 2910 κατατείνουσι
576 2844 825 2929 προσάπτουσαι
857 2845 916 2920 τὰς
943 2842 1148 2928 καλουμένας
1162 2874 1188 2915 25

136 2946 239 3025 λαιάς.
285 2948 372 3015 οὕτω
404 2952 467 3035 γὰρ
500 2949 521 3032 ἡ
548 2960 616 3015 τῶν
644 2954 768 3035 ὄρχεων
796 2951 898 3034 φύσις
924 2952 1146 3035 προσήρτηται

136 3055 219 3139 πρὸς
240 3058 320 3132 τοὺς
343 3060 585 3141 σπερματικοὺς
607 3079 742 3143 πορους,
765 3051 858 3121 οὗτοι
881 3055 913 3121 δ’
936 3056 971 3121 ἐκ
993 3065 1051 3139 τῆς
1069 3063 1147 3140 φλε-

137 3161 206 3243 βὸς,
228 3155 268 3244 ἧς
290 3159 311 3242 ἡ
334 3159 417 3247 ἀρχὴ
441 3162 476 3227 ἐκ
496 3171 555 3245 τῆς
571 3163 708 3246 καρδίας
725 3163 807 3246 πρὸς
825 3163 914 3250 αὐτῷ
933 3171 977 3250 τῷ
996 3172 1146 3229 κινοῦντι

137 3269 198 3351 τὴν
225 3269 352 3351 φωνην.
398 3268 453 3333 διὸ
479 3267 535 3333 καὶ
562 3278 630 3333 τῶν
657 3280 885 3354 σπερματικῶν
911 3273 1025 3355 πόρων
1051 3292 1147 3354 μετα-

137 3377 329 3457 βαλλόντων
356 3374 439 3459 πρὸς
465 3375 527 3456 τὴν
554 3373 699 3457 ἡλικίαν,
727 3374 764 3440 ἐν
790 3367 812 3463 ᾗ
837 3376 901 3458 ἤδη
925 3376 1085 3441 δύνανται
1109 3377 1146 3441 τὸ
1160 3406 1188 3446 ιο

138 3480 265 3567 σπέρμα
291 3480 463 3566 ἐκκρίνειν,
488 3478 750 3566 συμμεταβάλλει
772 3480 827 3547 καὶ
846 3491 944 3547 τοῦτο
962 3482 999 3546 τὸ
1018 3485 1146 3568 μόριον,
