2466 3870
563 266 613 369 ’De
631 312 822 370 consonantia.
1097 339 1100 342 ⁴
1160 310 1201 374 19

234 490 317 579 (19.)
345 492 447 575 Περὶ
471 495 693 576 αἰσθήσεως
714 489 778 556 καὶ
802 481 1003 574 αἰσθητῶν
1026 513 1051 556 c.
1072 494 1101 558 3.
1121 493 1149 555 7.

255 655 280 698 c.
295 635 325 700 3.
343 657 375 719 p.
389 631 510 702 439⁶¹⁹.
526 631 703 715 Ενθέγεται
721 627 782 716 μὲν
797 631 858 717 γὰρ
872 629 947 716 παρ’
968 635 1092 717 ἄλληλα
1107 631 1195 698 τιθέ-
1231 658 1233 667 ⁴

188 764 271 825 μενα
293 743 330 807 τὸ
355 742 476 807 λευκὸν
494 736 604 803 καὶτὸ
624 737 735 823 μέλαν,
756 736 838 803 ὥσθ’
863 735 1017 822 ἑκάτερον
1035 737 1096 823 μὲν
1116 735 1200 804 εἶναι

191 846 335 934 ἀόρατον
358 848 416 912 διὰ
434 847 644 929 σμικρότητα,
667 846 703 910 τὸ
723 843 755 909 δ’
777 842 809 923 ἐξ
828 845 955 929 ἀμφοῖν
973 843 1094 929 ὁρατὸν
1113 846 1200 910 οὕτω

165 959 354 1037 ιγίνεσθαι.
399 958 499 1014 τοῦτο
528 951 590 1035 γὰρ
618 951 694 1016 οὔτε
724 952 841 1014 λευκὸν
865 942 994 1015 οἷόντε
1018 953 1201 1035 φαίνεσθαι

190 1061 266 1125 οὔτε
289 1055 406 1140 μέλαν·
430 1053 501 1120 ἐπεὶ
524 1054 556 1120 θ’
581 1056 707 1137 ἀνάγκη
731 1056 845 1139 μάντι
869 1058 955 1138 ἔχειν
978 1068 1102 1140 χρῶμα,
1126 1058 1200 1120 τού-

189 1189 256 1230 των
283 1161 315 1227 δ’
341 1159 520 1248 οὐθέτερον
548 1164 708 1245 δυνατόν,
737 1162 863 1245 ἀνάγκη
890 1166 1027 1245 μικτόν
1055 1188 1087 1228 τι
1115 1159 1200 1228 εἶναι

189 1269 242 1335 καὶ
270 1264 359 1345 εἶόός
385 1293 418 1333 τι
445 1273 546 1354 χρόας
569 1268 691 1353 ἕτερον.
731 1271 800 1334 ἔστι
823 1266 884 1352 μὲν
907 1264 968 1334 οὖν
992 1268 1097 1344 οὕτως
1120 1268 1201 1334 ὑπο-

191 1379 304 1459 λαβεῖν
335 1378 472 1452 πλείους
504 1371 589 1441 εἶναι
621 1378 720 1459 χρόας
752 1377 839 1458 παρὰ
870 1375 906 1439 τὸ
935 1375 1052 1440 λευκὸν
1080 1374 1135 1439 καὶ
1163 1377 1200 1440 τὸ

157 1511 179 1551 ιο
190 1481 307 1567 μέλαν,
335 1483 460 1559 πολλάς
483 1478 521 1547 δὲ
547 1491 592 1570 τῷ
616 1485 728 1568 λόγῳ·
757 1486 831 1566 τρία
854 1483 916 1567 γὰρ
940 1484 1022 1568 πρὸς
1044 1482 1122 1564 δύο,
1145 1479 1200 1546 καὶ

190 1592 264 1677 τρία
283 1590 366 1675 πρὸς
384 1587 522 1674 τέτταρα
540 1586 595 1653 καὶ
613 1587 681 1652 κατ’
707 1590 828 1664 ἀλλους
847 1587 1011 1673 ἀριθμοὺς
1031 1591 1101 1653 ἔστι
1119 1587 1198 1671 παρ’

191 1697 316 1780 ἀλληλα
343 1701 494 1778 κεῖσθαι,
524 1695 564 1760 τὰ
591 1693 620 1758 θ’
647 1695 731 1771 ὅλως
753 1696 833 1759 κατὰ
857 1698 958 1777 λόγον
979 1691 1041 1778 μὲν
1064 1693 1200 1779 μηθένα,

190 1801 265 1866 καθ’
291 1802 460 1886 ὑπεροχὴν
488 1800 528 1866 δέ
548 1825 624 1865 τινα
646 1799 700 1864 καὶ
730 1803 876 1877 ἔλλειψιν
899 1801 1123 1886 ἀσύμμετρον,
1145 1799 1199 1865 καὶ

191 1910 247 1974 τὸν
275 1908 378 1972 αὐτὸν
402 1908 444 1991 όὴ
468 1910 593 1992 τρόπον
616 1910 702 1991 ἔχειν
725 1917 827 1972 ταῦτα
848 1920 919 1984 ταῖς
941 1911 1200 1991 συμφωνίαις.

156 2041 178 2081 ιι
192 2015 231 2078 τὰ
253 2010 315 2098 μὲν
338 2015 401 2098 γάρ
425 2013 462 2078 ἐν
482 2013 639 2098 ἀριθμοῖς
657 2014 860 2097 εὐλογίστοις
878 2015 1030 2098 χρώματα
1048 2014 1199 2099 καθάπερ

191 2121 258 2185 ἐκεῖ
282 2121 340 2197 τὰς
368 2123 566 2203 συμφωνίας
594 2122 633 2184 τὰ
660 2121 777 2202 ἥδιστα
810 2130 875 2185 τῶν
904 2119 1086 2205 χρωμάτων
1113 2115 1199 2184 εἶναι

190 2228 370 2310 δοκοῦντα,
398 2224 442 2313 (p.
462 2223 543 2313 420)
573 2217 646 2291 οἷον
675 2228 712 2292 τὸ
740 2227 907 2312 ἁλουργὸν
936 2225 992 2291 καὶ
1020 2235 1201 2310 φοινικοῦν

190 2331 243 2398 καὶ
266 2333 342 2416 όλίγ
380 2334 461 2399 όττα
485 2342 633 2417 τοιαῦτα,
661 2332 703 2398 δι’
732 2335 834 2418 ἥνπερ
853 2337 961 2399 αἰτίαν
983 2332 1038 2398 καὶ
1062 2335 1099 2397 αἱ
1120 2350 1198 2416 συμ-

191 2443 313 2523 φωνίαι
341 2438 467 2524 ὀλίγαι,
490 2477 534 2486 -
557 2441 597 2503 τά
624 2437 662 2504 δὲ
688 2442 732 2524 μὴ
755 2440 791 2504 ἐν
814 2439 969 2525 ἀριθμοῖς
992 2433 1094 2504 τάλλα
1117 2440 1196 2524 χρώ·

155 2569 274 2630 ιοματα
302 2544 322 2628 ἢ
349 2543 405 2610 καὶ
432 2544 539 2622 πάσας
565 2547 623 2622 τὰς
651 2549 748 2630 χρόας
776 2543 812 2610 ἐν
839 2544 994 2630 ἀριθμοῖς
1017 2541 1118 2627 εἶναι,
1142 2546 1199 2621 τὰς

191 2648 250 2737 μὲν
277 2651 491 2736 τεταγμένας,
522 2653 580 2728 τὰς
606 2650 634 2716 δ’
663 2651 836 2734 ἀτάκτους,
863 2649 917 2717 καὶ
940 2653 1041 2729 αὐτὰς
1066 2653 1198 2734 ταύτας,

192 2759 270 2823 ὅταν
298 2759 342 2843 μη
368 2757 516 2843 καθαραὶ
544 2751 620 2840 ὦσι,
648 2759 703 2822 όιά
730 2761 766 2823 τὸ
794 2760 838 2843 μὴ
866 2759 902 2824 ἐν
927 2758 1084 2843 ἀριθμοῖς
1112 2755 1197 2824 εἶναι

192 2866 345 2941 τοιαάτοις
369 2869 534 2949 γίνεσθαι.

258 3022 339 3111 (20.)
364 3046 388 3088 c.
410 3028 436 3089 7.
461 3048 491 3108 p.
511 3023 630 3088 447·¹².
657 3023 749 3088 Ἔστι
773 3023 812 3089 δι’
831 3049 881 3100 τις
901 3024 1021 3109 ἀπορία
1039 3024 1093 3089 καὶ
1114 3027 1197 3110 άλλη

157 3159 180 3198 τε
193 3131 301 3198 τοιάδε
323 3129 399 3216 περὶ
422 3133 623 3214 αἰσθήσεως,
646 3135 785 3215 πότερον
804 3130 965 3215 ἐνδέχεται
990 3134 1009 3196 δ
1015 3144 1102 3196 νεῖν
1123 3134 1198 3217 ἅμα

192 3239 459 3304 αἰσθάνεσθαι
474 3237 511 3301 ἐν
525 3246 569 3323 τῷ
584 3238 671 3325 αὐτῷ
686 3237 739 3302 καί
754 3238 863 3323 ἀτόμῳ
877 3241 995 3324 χρόνῳ,
1012 3237 1032 3320 ἢ
1047 3239 1098 3320 οὔ,
1112 3242 1143 3303 εί
1156 3239 1197 3322 δὴ

192 3344 242 3410 ἀεὶ
256 3345 276 3428 ἡ
290 3347 411 3429 μείζων
430 3347 560 3426 κίνησις
577 3345 638 3427 τὴν
657 3343 776 3409 ἐλάττω
796 3344 956 3428 ἐκκρούει·
976 3346 1028 3410 διὸ
1044 3344 1197 3429 ἐπιφερο-

192 3451 301 3537 μένων
310 3449 362 3516 ἐπὶ
373 3451 413 3515 τά
423 3453 550 3535 ’όμματα
560 3451 620 3515 οὐκ
630 3452 857 3534 αἰσθάνονται,
865 3452 923 3516 ἐάν
932 3452 1054 3536 τύχωσι
1064 3453 1196 3537 σφόδρα

193 3583 223 3622 τι
242 3558 435 3634 ἐννοοῦντες
454 3557 474 3640 ἢ
494 3558 696 3641 φοβούμενοι
719 3558 734 3641 ἢ
754 3558 930 3634 ἀκούοντες
948 3562 1055 3623 πολὺν
1073 3563 1195 3642 ψόφον.

154 3673 289 3731 τοιοῦτο
318 3666 359 3748 δὴ
386 3664 594 3748 ὑποκείσθω,
621 3663 675 3729 καὶ
703 3666 751 3729 ὅτι
776 3663 912 3731 ἑκάστου
935 3673 1083 3749 μᾶλλον
1106 3669 1196 3731 ἔστιν
