2466 3870
101 146 166 211 123
301 95 305 101 Ι
503 86 778 197 1111111111111·
871 136 877 147 “

101 306 149 395 (N
149 308 188 373 io.
202 304 247 392 9).
268 302 356 389 quod
368 300 533 388 quomodo
547 301 826 388 demonstraverit,
839 302 984 371 ridemus
996 326 1016 370 e
1027 303 1126 371 Nioo

100 411 208 478 meohi
236 408 397 493 excerptis
415 408 437 471 2
464 411 499 472 et
519 404 638 473 Boetio
661 406 702 471 de
722 428 804 473 mna
822 404 873 473 ΠΙ
886 410 922 495 5,
948 410 1006 477 abi
1028 412 1127 479 inter-

102 516 262 581 vallorum
285 514 402 580 dirisio
425 518 558 580 auotore
578 512 730 580 Philoleo
750 512 940 581 ostenditur.
976 516 1127 583 adhibuit

103 620 304 687 diatessaron
326 620 378 687 his
400 619 597 687 rationibus:

227 795 330 859 mese¹
404 774 551 843 liehanos
639 778 797 863 parypate
886 773 1007 861 hypate

240 902 305 967 192
450 902 516 971 are
689 902 785 999 aee,
918 900 984 969 aee
1116 982 1120 987 ,

355 1012 393 1062 114
581 1011 616 1063 21
825 1011 858 1061 18

105 1164 201 1227 tetrum
215 1104 323 1229 bruni
335 1164 372 1229 in
382 1162 534 1229 XXVII
539 1162 716 1229 mutamus
728 1162 810 1229 loout
818 1159 925 1250 (Boet.
935 1158 979 1227 ib.
988 1158 1050 1226 sub
1058 1156 1130 1248 sn)

106 1268 183 1353 quia
195 1268 494 1354 243-216-27,
514 1270 619 1337 dicein
635 1270 673 1335 ia
686 1266 790 1335 XIII
799 1268 975 1335 nameus
990 1272 1132 1335 eonem

104 1374 1132 1459 mffiboaqurwdhoeoimmetwpmiooeitdiffe·

104 1481 219 1549 rentia-
233 1476 348 1566 (paulo
370 1477 465 1568 sup).
510 1482 546 1545 et
567 1478 658 1565 quod
681 1480 723 1546 13
745 1478 854 1545 minus
875 1482 926 1545 est
948 1500 1046 1567 quam
1068 1478 1132 1567 ¹7„

99 1587 186 1652 setis
212 1584 269 1650 ille
298 1586 534 1652 demonstrasse
556 1586 621 1652 sibi
642 1584 772 1651 ridetur
792 1584 906 1652 limma
927 1583 995 1675 (rel
1013 1583 1133 1675 diesin)

107 1694 217 1759 minus
244 1713 313 1759 esse
341 1680 438 1778 pleno
463 1693 647 1759 semitonio.
692 1692 748 1761 hio
768 1692 884 1782 igitar,
910 1694 999 1781 quod
1019 1694 1134 1761 limma

108 1798 196 1888 ml„
225 1823 299 1867 oum
327 1800 414 1866 binis
436 1800 525 1867 tonis
547 1800 730 1887 coniunxit,
756 1800 852 1867 illum
873 1822 1028 1867 sonorum
1050 1800 1135 1867 ordi·

108 1930 183 1974 nem
207 1909 346 1994 invenit,
369 1928 466 1995 quem
490 1908 545 1973 diu
567 1906 768 1997 Pythagorei
791 1908 1000 1974 retinuenmt.
1046 1908 1136 1994 quod

109 2038 280 2081 numerum
308 2016 348 2081 13
377 2015 505 2081 dioebat
531 2012 688 2080 limmatis
716 2036 784 2080 esse
805 2017 986 2100 proprium,
1015 2016 1136 2080 errarit

110 2124 165 2189 ille
193 2124 337 2209 quidem,
365 2124 421 2188 sed
448 2124 580 2211 gravius
606 2144 674 2188 non
697 2123 859 2188 commisit
882 2146 979 2208 quam
1002 2123 1135 2207 plurimi

110 2237 256 2298 veterum
285 2236 318 2297 et
345 2232 369 2296 ii
397 2230 545 2296 homines
575 2230 761 2295 doctissimi.
807 2231 970 2295 rationum
993 2231 1079 2295 enim
1103 2233 1136 2294 et

111 2342 361 2425 proportionum
384 2344 534 2404 naturam
557 2359 625 2403 non
648 2359 775 2422 semper
798 2338 846 2403 illi
868 2338 952 2403 clare
969 2358 1136 2422 perspexe-

111 2452 197 2533 runt,
219 2470 287 2513 non
306 2468 432 2531 semper
450 2447 529 2532 quid
547 2446 622 2510 inde
641 2451 828 2531 sequeretur
845 2446 940 2531 plane
959 2450 1136 2530 senserunt,

111 2575 216 2639 neque
240 2556 326 2619 enim
350 2553 401 2618 his
424 2553 607 2619 rationibus
630 2576 650 2617 a
671 2554 780 2638 pueris
804 2551 921 2618 imbuti
943 2557 1042 2618 erant.
1079 2553 1136 2638 qui

112 2663 183 2726 toni
216 2662 385 2727 dimidium
414 2683 481 2726 esse
510 2661 742 2748 concedebant,
774 2662 831 2747 qui
860 2667 956 2727 tonos
982 2660 1056 2745 plus
1083 2661 1135 2725 rel

112 2770 220 2834 minus
238 2770 325 2834 inter
342 2790 376 2834 se
396 2769 515 2834 distare
534 2767 685 2834 dicebant
703 2773 741 2833 ut
754 2767 976 2855 Aristoxenus,
994 2768 1029 2833 hi
1044 2790 1137 2833 sono-

113 2898 185 2940 rum
218 2877 360 2961 spatium
391 2878 495 2942 teneri
527 2876 696 2964 fingebant
728 2898 793 2940 una
819 2877 905 2942 linea
932 2900 951 2941 a
977 2877 1069 2964 gravi
1098 2875 1138 2940 ad

114 2988 245 3048 aoutum
271 2988 433 3068 protensa.
480 2989 595 3050 eontra
622 2984 680 3069 qui
705 3007 724 3048 a
747 2983 902 3068 diapason
924 2984 1048 3048 ratione
1072 2984 1137 3048 orsi

114 3090 224 3156 omnia
247 3090 287 3155 ad
310 3092 451 3157 rationes
475 3090 508 3178 ’ll
534 3090 567 3179 ³s2
591 3089 627 3177 ‘ss
651 3090 835 3157 referebant
858 3096 891 3156 et
913 3091 1025 3155 limma
1049 3087 1137 3177 Ἢ,

115 3320 265 3447 putandam
293 3337 362 3376 nam
380 3321 430 3404 qui
448 3337 563 3376 carmen
580 3321 731 3393 recitabat,
750 3323 901 3392 postquam
921 3321 1069 3390 aliquanto
1083 3337 1139 3375 rox

136 3392 310 3463 escenderat,
330 3393 452 3463 denique
471 3392 637 3464 patiebatur
655 3410 719 3449 earn
737 3393 828 3449 redire
848 3394 885 3448 ad
904 3410 1002 3448 sonum
1016 3392 1139 3447 finalem.

116 3467 178 3520 erat
200 3463 283 3534 quasi
306 3464 435 3529 διάλυσις
453 3468 509 3536 (Ar.
531 3464 582 3533 Qu.
602 3467 614 3520 I
635 3473 659 3536 7,
682 3485 709 3537 p.
726 3468 784 3536 14),
807 3465 843 3521 ei.
865 3481 939 3535 quae
958 3480 1043 3535 supra
1060 3482 1089 3535 p.
1106 3469 1140 3519 15

115 3552 150 3592 ex
168 3535 322 3593 Aristotele
341 3537 377 3593 de
395 3537 469 3592 diesi
487 3535 668 3593 contulimus,
1002 3571 1005 3576 -
