<?xml version="1.0" encoding="UTF-8"?>
<!DOCTYPE html PUBLIC "-//W3C//DTD XHTML 1.0 Transitional//EN"
    "http://www.w3.org/TR/xhtml1/DTD/xhtml1-transitional.dtd">
<html xmlns="http://www.w3.org/1999/xhtml" xml:lang="en" lang="en">
 <head>
  <title>
</title>
<meta http-equiv="Content-Type" content="text/html;charset=utf-8" />
  <meta name='ocr-system' content='tesseract 3.04.00' />
  <meta name='ocr-capabilities' content='ocr_page ocr_carea ocr_par ocr_line ocrx_word'/>
</head>
<body>
  <div class='ocr_page' id='page_1' title='image "./musiciscriptore00jangoog_0122.png"; bbox 0 0 2466 3870; ppageno 0'>
   <div class='ocr_carea' id='block_1_1' title="bbox 598 223 892 249">
    <p class='ocr_par' dir='ltr' id='par_1_1' title="bbox 598 223 892 249">
     <span class='ocr_line' id='line_1_1' title="bbox 598 223 892 249; baseline 0 -15"><span class='ocrx_word' id='word_1_1' title='bbox 598 223 732 234; x_wconf 53' lang='lat' dir='ltr'><strong><em>——uffl</em></strong></span> <span class='ocrx_word' id='word_1_2' title='bbox 847 238 892 249; x_wconf 57' lang='grc'><strong><em>.-</em></strong></span> 
     </span>
    </p>
   </div>
   <div class='ocr_carea' id='block_1_2' title="bbox 676 420 956 519">
    <p class='ocr_par' dir='ltr' id='par_1_2' title="bbox 676 420 956 519">
     <span class='ocr_line' id='line_1_2' title="bbox 676 420 956 519; baseline 0.007 -6"><span class='ocrx_word' id='word_1_3' title='bbox 676 462 738 519; x_wconf 76' lang='lat' dir='ltr'><strong><em>.Do</em></strong></span> <span class='ocrx_word' id='word_1_4' title='bbox 755 420 956 517; x_wconf 65' lang='lat' dir='ltr'><strong><em>commin.-</em></strong></span> 
     </span>
    </p>
   </div>
   <div class='ocr_carea' id='block_1_3' title="bbox 286 618 1231 1346">
    <p class='ocr_par' dir='ltr' id='par_1_3' title="bbox 286 618 1231 1346">
     <span class='ocr_line' id='line_1_3' title="bbox 308 618 1222 710; baseline 0.002 -24"><span class='ocrx_word' id='word_1_5' title='bbox 308 618 378 686; x_wconf 84' lang='grc' dir='ltr'><strong><em>κατ’</em></strong></span> <span class='ocrx_word' id='word_1_6' title='bbox 411 620 581 710; x_wconf 73' lang='grc' dir='ltr'><strong><em>ἐνέργειαν</em></strong></span> <span class='ocrx_word' id='word_1_7' title='bbox 612 622 821 690; x_wconf 86' lang='grc' dir='ltr'><strong><em>αἰσθάνεται·</em></strong></span> <span class='ocrx_word' id='word_1_8' title='bbox 849 619 923 700; x_wconf 83' lang='grc' dir='ltr'><strong><em>ἑνὸς</em></strong></span> <span class='ocrx_word' id='word_1_9' title='bbox 954 619 1014 708; x_wconf 72' lang='grc' dir='ltr'><strong><em>μὲν</em></strong></span> <span class='ocrx_word' id='word_1_10' title='bbox 1046 625 1109 709; x_wconf 80' lang='grc' dir='ltr'><strong><em>γάρ</em></strong></span> <span class='ocrx_word' id='word_1_11' title='bbox 1138 621 1222 708; x_wconf 86' lang='grc' dir='ltr'><strong><em>άριθ</em></strong></span> 
     </span>
     <span class='ocr_line' id='line_1_4' title="bbox 310 724 1230 817; baseline 0.003 -25"><span class='ocrx_word' id='word_1_12' title='bbox 310 724 380 792; x_wconf 81' lang='grc' dir='ltr'><strong><em>κατ’</em></strong></span> <span class='ocrx_word' id='word_1_13' title='bbox 407 726 578 817; x_wconf 74' lang='grc' dir='ltr'><strong><em>ἐνέργειαν</em></strong></span> <span class='ocrx_word' id='word_1_14' title='bbox 600 733 669 814; x_wconf 91' lang='grc' dir='ltr'><strong><em>μία,</em></strong></span> <span class='ocrx_word' id='word_1_15' title='bbox 692 728 773 792; x_wconf 66' lang='lat' dir='ltr'><strong><em>emec</em></strong></span> <span class='ocrx_word' id='word_1_16' title='bbox 796 724 834 794; x_wconf 73' lang='grc' dir='ltr'><strong><em>δὲ</em></strong></span> <span class='ocrx_word' id='word_1_17' title='bbox 856 726 877 811; x_wconf 71' lang='grc' dir='ltr'><strong><em>ἡ</em></strong></span> <span class='ocrx_word' id='word_1_18' title='bbox 900 730 981 794; x_wconf 84' lang='grc' dir='ltr'><strong><em>κατὰ</em></strong></span> <span class='ocrx_word' id='word_1_19' title='bbox 1000 730 1144 814; x_wconf 79' lang='grc' dir='ltr'><strong><em>δύναμιν</em></strong></span> <span class='ocrx_word' id='word_1_20' title='bbox 1163 732 1230 814; x_wconf 80' lang='grc' dir='ltr'><strong><em>μία</em></strong></span> 
     </span>
     <span class='ocr_line' id='line_1_5' title="bbox 311 832 1229 920; baseline 0.003 -22"><span class='ocrx_word' id='word_1_21' title='bbox 311 836 344 899; x_wconf 89' lang='grc' dir='ltr'><strong><em>εἰ</em></strong></span> <span class='ocrx_word' id='word_1_22' title='bbox 362 837 422 920; x_wconf 84' lang='grc' dir='ltr'><strong><em>μία</em></strong></span> <span class='ocrx_word' id='word_1_23' title='bbox 444 840 563 903; x_wconf 84' lang='grc' dir='ltr'><strong><em>τοίνυν</em></strong></span> <span class='ocrx_word' id='word_1_24' title='bbox 584 832 606 916; x_wconf 70' lang='grc' dir='ltr'><em>ἡ</em></span> <span class='ocrx_word' id='word_1_25' title='bbox 627 839 785 916; x_wconf 76' lang='grc' dir='ltr'><strong><em>αἴσθησις</em></strong></span> <span class='ocrx_word' id='word_1_26' title='bbox 807 835 828 918; x_wconf 83' lang='grc' dir='ltr'><em>ἡ</em></span> <span class='ocrx_word' id='word_1_27' title='bbox 850 835 918 901; x_wconf 85' lang='grc' dir='ltr'><strong><em>κατ’</em></strong></span> <span class='ocrx_word' id='word_1_28' title='bbox 946 834 1126 918; x_wconf 75' lang='grc' dir='ltr'><strong><em>ἐνέργειαν,</em></strong></span> <span class='ocrx_word' id='word_1_29' title='bbox 1151 837 1189 900; x_wconf 74' lang='grc' dir='ltr'><strong><em>ἐν</em></strong></span> <span class='ocrx_word' id='word_1_30' title='bbox 1212 835 1229 901; x_wconf 92' lang='grc' dir='ltr'><strong><em>ἐ</em></strong></span> 
     </span>
     <span class='ocr_line' id='line_1_6' title="bbox 311 939 1204 1028; baseline -0.003 -21"><span class='ocrx_word' id='word_1_31' title='bbox 311 940 387 1028; x_wconf 79' lang='grc' dir='ltr'><strong><em>ἐρεῖ.</em></strong></span> <span class='ocrx_word' id='word_1_32' title='bbox 422 947 580 1027; x_wconf 76' lang='grc' dir='ltr'><strong><em>μεμίχθαι</em></strong></span> <span class='ocrx_word' id='word_1_33' title='bbox 604 940 669 1024; x_wconf 86' lang='grc' dir='ltr'><strong><em>άρα</em></strong></span> <span class='ocrx_word' id='word_1_34' title='bbox 692 939 819 1024; x_wconf 78' lang='grc' dir='ltr'><strong><em>ἀνάγκη</em></strong></span> <span class='ocrx_word' id='word_1_35' title='bbox 842 940 933 1006; x_wconf 87' lang='grc' dir='ltr'><strong><em>αὐτά.</em></strong></span> <span class='ocrx_word' id='word_1_36' title='bbox 969 941 1048 1005; x_wconf 82' lang='grc' dir='ltr'><strong><em>ὅταν</em></strong></span> <span class='ocrx_word' id='word_1_37' title='bbox 1071 942 1136 1026; x_wconf 83' lang='grc' dir='ltr'><strong><em>ἄρα</em></strong></span> <span class='ocrx_word' id='word_1_38' title='bbox 1159 942 1204 1025; x_wconf 80' lang='grc' dir='ltr'><strong><em>μὴ</em></strong></span> 
     </span>
     <span class='ocr_line' id='line_1_7' title="bbox 286 1044 1215 1134; baseline -0.002 -22"><span class='ocrx_word' id='word_1_39' title='bbox 286 1072 298 1112; x_wconf 83' lang='grc' dir='ltr'><strong><em>ι</em></strong></span> <span class='ocrx_word' id='word_1_40' title='bbox 310 1047 466 1134; x_wconf 84' lang='grc' dir='ltr'><strong><em>μιγμένα,</em></strong></span> <span class='ocrx_word' id='word_1_41' title='bbox 503 1046 568 1111; x_wconf 81' lang='grc' dir='ltr'><strong><em>δύο</em></strong></span> <span class='ocrx_word' id='word_1_42' title='bbox 602 1048 733 1112; x_wconf 79' lang='grc' dir='ltr'><strong><em>ἔσονται</em></strong></span> <span class='ocrx_word' id='word_1_43' title='bbox 765 1049 939 1128; x_wconf 77' lang='grc' dir='ltr'><strong><em>αἰσθήσεις</em></strong></span> <span class='ocrx_word' id='word_1_44' title='bbox 970 1047 1007 1110; x_wconf 91' lang='grc' dir='ltr'><strong><em>αί</em></strong></span> <span class='ocrx_word' id='word_1_45' title='bbox 1035 1045 1103 1111; x_wconf 89' lang='grc' dir='ltr'><strong><em>κατ’</em></strong></span> <span class='ocrx_word' id='word_1_46' title='bbox 1141 1044 1215 1129; x_wconf 86' lang='grc' dir='ltr'><strong><em>ἐυέρ</em></strong></span> 
     </span>
     <span class='ocr_line' id='line_1_8' title="bbox 311 1149 1216 1238; baseline -0.006 -18"><span class='ocrx_word' id='word_1_47' title='bbox 311 1152 394 1220; x_wconf 75' lang='grc' dir='ltr'><strong><em>ἀλλὰ</em></strong></span> <span class='ocrx_word' id='word_1_48' title='bbox 409 1152 493 1217; x_wconf 87' lang='grc' dir='ltr'><strong><em>κατά</em></strong></span> <span class='ocrx_word' id='word_1_49' title='bbox 505 1154 586 1237; x_wconf 88' lang='grc' dir='ltr'><strong><em>μίαν</em></strong></span> <span class='ocrx_word' id='word_1_50' title='bbox 600 1153 744 1238; x_wconf 79' lang='grc' dir='ltr'><strong><em>δύναμιν</em></strong></span> <span class='ocrx_word' id='word_1_51' title='bbox 758 1151 814 1216; x_wconf 88' lang='grc' dir='ltr'><strong><em>καί</em></strong></span> <span class='ocrx_word' id='word_1_52' title='bbox 828 1152 952 1236; x_wconf 86' lang='grc' dir='ltr'><strong><em>άτομον</em></strong></span> <span class='ocrx_word' id='word_1_53' title='bbox 966 1156 1088 1237; x_wconf 85' lang='grc' dir='ltr'><strong><em>χρόνον</em></strong></span> <span class='ocrx_word' id='word_1_54' title='bbox 1101 1155 1181 1237; x_wconf 85' lang='grc' dir='ltr'><strong><em>μίαν</em></strong></span> <span class='ocrx_word' id='word_1_55' title='bbox 1194 1149 1216 1215; x_wconf 92' lang='grc' dir='ltr'><strong><em>ά</em></strong></span> 
     </span>
     <span class='ocr_line' id='line_1_9' title="bbox 311 1253 1231 1346; baseline 0 -22"><span class='ocrx_word' id='word_1_56' title='bbox 311 1253 398 1324; x_wconf 89' lang='grc' dir='ltr'><strong><em>είναι</em></strong></span> <span class='ocrx_word' id='word_1_57' title='bbox 420 1257 483 1342; x_wconf 64' lang='grc' dir='ltr'><strong><em>τὴν</em></strong></span> <span class='ocrx_word' id='word_1_58' title='bbox 505 1257 687 1346; x_wconf 76' lang='grc' dir='ltr'><strong><em>ἐνέργειαν·</em></strong></span> <span class='ocrx_word' id='word_1_59' title='bbox 710 1270 787 1343; x_wconf 80' lang='grc' dir='ltr'><strong><em>μιᾶς</em></strong></span> <span class='ocrx_word' id='word_1_60' title='bbox 807 1259 870 1343; x_wconf 84' lang='grc' dir='ltr'><strong><em>γὰρ</em></strong></span> <span class='ocrx_word' id='word_1_61' title='bbox 890 1256 1023 1334; x_wconf 79' lang='grc' dir='ltr'><strong><em>εἰσάπαξ</em></strong></span> <span class='ocrx_word' id='word_1_62' title='bbox 1042 1263 1101 1341; x_wconf 86' lang='grc' dir='ltr'><strong><em>μία</em></strong></span> <span class='ocrx_word' id='word_1_63' title='bbox 1119 1262 1231 1342; x_wconf 84' lang='grc' dir='ltr'><strong><em>κίνησι</em></strong></span> 
     </span>
    </p>
   </div>
   <div class='ocr_carea' id='block_1_4' title="bbox 139 1361 1203 1450">
    <p class='ocr_par' dir='ltr' id='par_1_4' title="bbox 139 1361 1203 1450">
     <span class='ocr_line' id='line_1_10' title="bbox 139 1361 1203 1450; baseline -0.021 1"><span class='ocrx_word' id='word_1_64' title='bbox 139 1390 143 1399; x_wconf 83' lang='grc'><strong>’</strong></span> <span class='ocrx_word' id='word_1_65' title='bbox 172 1439 178 1450; x_wconf 95' lang='grc'><strong><em>.</em></strong></span> <span class='ocrx_word' id='word_1_66' title='bbox 311 1372 442 1448; x_wconf 62' lang='grc' dir='ltr'><strong><em>λθῆθίίι</em></strong></span> <span class='ocrx_word' id='word_1_67' title='bbox 467 1367 527 1448; x_wconf 66' lang='grc' dir='ltr'><strong><em>μία</em></strong></span> <span class='ocrx_word' id='word_1_68' title='bbox 553 1361 592 1430; x_wconf 67' lang='grc' dir='ltr'><strong><em>δέ</em></strong></span> <span class='ocrx_word' id='word_1_69' title='bbox 617 1363 638 1448; x_wconf 71' lang='grc' dir='ltr'><em>ἦ</em></span> <span class='ocrx_word' id='word_1_70' title='bbox 666 1364 817 1448; x_wconf 78' lang='grc' dir='ltr'><strong><em>δύναμις.</em></strong></span> <span class='ocrx_word' id='word_1_71' title='bbox 862 1364 922 1429; x_wconf 79' lang='grc' dir='ltr'><strong><em>οὐκ</em></strong></span> <span class='ocrx_word' id='word_1_72' title='bbox 950 1365 1014 1447; x_wconf 76' lang='grc' dir='ltr'><strong><em>ἄρα</em></strong></span> <span class='ocrx_word' id='word_1_73' title='bbox 1038 1362 1203 1447; x_wconf 80' lang='grc' dir='ltr'><strong><em>ἐνδέχεται</em></strong></span> 
     </span>
    </p>
   </div>
   <div class='ocr_carea' id='block_1_5' title="bbox 276 1468 1233 3362">
    <p class='ocr_par' dir='ltr' id='par_1_5' title="bbox 276 1468 1233 3362">
     <span class='ocr_line' id='line_1_11' title="bbox 311 1468 956 1557; baseline 0 -23"><span class='ocrx_word' id='word_1_74' title='bbox 311 1469 377 1554; x_wconf 86' lang='grc' dir='ltr'><strong><em>άμα</em></strong></span> <span class='ocrx_word' id='word_1_75' title='bbox 400 1468 627 1537; x_wconf 79' lang='grc' dir='ltr'><strong><em>αἰσθάνεσθαι</em></strong></span> <span class='ocrx_word' id='word_1_76' title='bbox 649 1479 690 1555; x_wconf 73' lang='grc' dir='ltr'><strong><em>τῇ</em></strong></span> <span class='ocrx_word' id='word_1_77' title='bbox 712 1478 772 1557; x_wconf 78' lang='grc' dir='ltr'><strong><em>μιᾷ</em></strong></span> <span class='ocrx_word' id='word_1_78' title='bbox 794 1472 956 1552; x_wconf 75' lang='grc' dir='ltr'><strong><em>αἰσθήσει.</em></strong></span> 
     </span>
     <span class='ocr_line' id='line_1_12' title="bbox 276 1574 1206 1661; baseline 0.001 -21"><span class='ocrx_word' id='word_1_79' title='bbox 276 1600 300 1640; x_wconf 85' lang='grc' dir='ltr'><strong><em>ιο</em></strong></span> <span class='ocrx_word' id='word_1_80' title='bbox 376 1598 408 1661; x_wconf 88' lang='lat' dir='ltr'><strong><em>p.</em></strong></span> <span class='ocrx_word' id='word_1_81' title='bbox 421 1576 529 1644; x_wconf 65' lang='lat'>448⁰.</span> <span class='ocrx_word' id='word_1_82' title='bbox 555 1575 629 1641; x_wconf 80' lang='grc' dir='ltr'><strong><em>Ἔτι</em></strong></span> <span class='ocrx_word' id='word_1_83' title='bbox 652 1579 683 1641; x_wconf 86' lang='grc' dir='ltr'><strong><em>εἰ</em></strong></span> <span class='ocrx_word' id='word_1_84' title='bbox 704 1577 741 1641; x_wconf 91' lang='grc' dir='ltr'><strong><em>αί</em></strong></span> <span class='ocrx_word' id='word_1_85' title='bbox 756 1586 825 1641; x_wconf 80' lang='grc' dir='ltr'><strong><em>τῶν</em></strong></span> <span class='ocrx_word' id='word_1_86' title='bbox 846 1574 1005 1641; x_wconf 84' lang='grc' dir='ltr'><strong><em>ἐναντίων</em></strong></span> <span class='ocrx_word' id='word_1_87' title='bbox 1027 1578 1206 1659; x_wconf 82' lang='grc' dir='ltr'><strong><em>κινήσεις</em></strong></span> 
     </span>
     <span class='ocr_line' id='line_1_13' title="bbox 312 1679 1233 1770; baseline -0.001 -21"><span class='ocrx_word' id='word_1_88' title='bbox 312 1687 394 1768; x_wconf 91' lang='grc' dir='ltr'><strong><em>τίαι,</em></strong></span> <span class='ocrx_word' id='word_1_89' title='bbox 421 1685 488 1770; x_wconf 77' lang='grc' dir='ltr'><strong><em>ἅμα</em></strong></span> <span class='ocrx_word' id='word_1_90' title='bbox 514 1679 553 1748; x_wconf 74' lang='grc' dir='ltr'><strong><em>δὲ</em></strong></span> <span class='ocrx_word' id='word_1_91' title='bbox 579 1683 619 1747; x_wconf 84' lang='grc' dir='ltr'><strong><em>τὰ</em></strong></span> <span class='ocrx_word' id='word_1_92' title='bbox 646 1681 780 1747; x_wconf 80' lang='grc' dir='ltr'><strong><em>ἐναντία</em></strong></span> <span class='ocrx_word' id='word_1_93' title='bbox 807 1681 843 1747; x_wconf 88' lang='grc' dir='ltr'><strong><em>ἐν</em></strong></span> <span class='ocrx_word' id='word_1_94' title='bbox 869 1691 916 1769; x_wconf 77' lang='grc' dir='ltr'><strong><em>τῷ</em></strong></span> <span class='ocrx_word' id='word_1_95' title='bbox 944 1682 1031 1769; x_wconf 78' lang='grc' dir='ltr'><strong><em>αὐτῷ</em></strong></span> <span class='ocrx_word' id='word_1_96' title='bbox 1054 1682 1109 1747; x_wconf 86' lang='grc' dir='ltr'><strong><em>καί</em></strong></span> <span class='ocrx_word' id='word_1_97' title='bbox 1131 1683 1192 1748; x_wconf 87' lang='grc' dir='ltr'><strong><em>άτό</em></strong></span> <span class='ocrx_word' id='word_1_98' title='bbox 1223 1715 1233 1737; x_wconf 64' lang='grc' dir='ltr'><strong><em>ιι</em></strong></span> 
     </span>
     <span class='ocr_line' id='line_1_14' title="bbox 312 1783 1217 1876; baseline -0.003 -20"><span class='ocrx_word' id='word_1_99' title='bbox 312 1789 478 1875; x_wconf 77' lang='grc' dir='ltr'><strong><em>ἐνδέχεται</em></strong></span> <span class='ocrx_word' id='word_1_100' title='bbox 509 1788 686 1876; x_wconf 79' lang='grc' dir='ltr'><strong><em>ὑπάρχειν,</em></strong></span> <span class='ocrx_word' id='word_1_101' title='bbox 716 1787 782 1854; x_wconf 83' lang='grc' dir='ltr'><strong><em>ὑπὸ</em></strong></span> <span class='ocrx_word' id='word_1_102' title='bbox 815 1783 852 1853; x_wconf 72' lang='grc' dir='ltr'><strong><em>δὲ</em></strong></span> <span class='ocrx_word' id='word_1_103' title='bbox 880 1789 942 1871; x_wconf 76' lang='grc' dir='ltr'><strong><em>τὴν</em></strong></span> <span class='ocrx_word' id='word_1_104' title='bbox 969 1794 1128 1871; x_wconf 71' lang='grc' dir='ltr'><strong><em>αἴσθησιν</em></strong></span> <span class='ocrx_word' id='word_1_105' title='bbox 1155 1789 1217 1872; x_wconf 64' lang='grc' dir='ltr'><strong><em>τὴν</em></strong></span> 
     </span>
     <span class='ocr_line' id='line_1_15' title="bbox 312 1886 1226 1982; baseline -0.003 -21"><span class='ocrx_word' id='word_1_106' title='bbox 312 1895 446 1962; x_wconf 78' lang='grc' dir='ltr'><strong><em>ἐναντία</em></strong></span> <span class='ocrx_word' id='word_1_107' title='bbox 470 1895 571 1980; x_wconf 86' lang='grc' dir='ltr'><strong><em>ἐστίν,</em></strong></span> <span class='ocrx_word' id='word_1_108' title='bbox 594 1886 669 1961; x_wconf 76' lang='grc' dir='ltr'><strong><em>οἷον</em></strong></span> <span class='ocrx_word' id='word_1_109' title='bbox 687 1897 793 1978; x_wconf 87' lang='grc' dir='ltr'><strong><em>γλυκὺ</em></strong></span> <span class='ocrx_word' id='word_1_110' title='bbox 816 1903 933 1982; x_wconf 78' lang='grc' dir='ltr'><strong><em>πικρῷ,</em></strong></span> <span class='ocrx_word' id='word_1_111' title='bbox 962 1895 1089 1959; x_wconf 85' lang='grc' dir='ltr'><strong><em>τούτων</em></strong></span> <span class='ocrx_word' id='word_1_112' title='bbox 1111 1894 1183 1959; x_wconf 89' lang='grc' dir='ltr'><strong><em>οὐκ</em></strong></span> <span class='ocrx_word' id='word_1_113' title='bbox 1205 1893 1226 1958; x_wconf 85' lang='grc' dir='ltr'><strong><em>ά</em></strong></span> 
     </span>
     <span class='ocr_line' id='line_1_16' title="bbox 313 1997 1208 2086; baseline -0.002 -19"><span class='ocrx_word' id='word_1_114' title='bbox 313 2001 442 2086; x_wconf 76' lang='grc' dir='ltr'><strong><em>δέχοιτο</em></strong></span> <span class='ocrx_word' id='word_1_115' title='bbox 466 2000 690 2068; x_wconf 86' lang='grc' dir='ltr'><strong><em>αἰσθάνεσθαι</em></strong></span> <span class='ocrx_word' id='word_1_116' title='bbox 714 2001 789 2086; x_wconf 78' lang='grc' dir='ltr'><strong><em>ἅμα.</em></strong></span> <span class='ocrx_word' id='word_1_117' title='bbox 827 2000 948 2085; x_wconf 86' lang='grc' dir='ltr'><strong><em>ὁμοίως</em></strong></span> <span class='ocrx_word' id='word_1_118' title='bbox 971 1997 1007 2065; x_wconf 69' lang='grc' dir='ltr'><strong><em>δὲ</em></strong></span> <span class='ocrx_word' id='word_1_119' title='bbox 1030 2002 1133 2084; x_wconf 77' lang='grc' dir='ltr'><strong><em>δῆλον</em></strong></span> <span class='ocrx_word' id='word_1_120' title='bbox 1157 2000 1208 2065; x_wconf 86' lang='grc' dir='ltr'><strong><em>ὄτι</em></strong></span> 
     </span>
     <span class='ocr_line' id='line_1_17' title="bbox 279 2103 1233 2193; baseline 0.001 -22"><span class='ocrx_word' id='word_1_121' title='bbox 279 2130 301 2171; x_wconf 82' lang='grc' dir='ltr'><strong><em>ιε</em></strong></span> <span class='ocrx_word' id='word_1_122' title='bbox 314 2109 353 2173; x_wconf 81' lang='grc' dir='ltr'><strong><em>τὰ</em></strong></span> <span class='ocrx_word' id='word_1_123' title='bbox 380 2109 425 2193; x_wconf 79' lang='grc' dir='ltr'><strong><em>μὴ</em></strong></span> <span class='ocrx_word' id='word_1_124' title='bbox 452 2107 597 2174; x_wconf 85' lang='grc' dir='ltr'><strong><em>ἐναντία·</em></strong></span> <span class='ocrx_word' id='word_1_125' title='bbox 633 2109 674 2173; x_wconf 86' lang='grc' dir='ltr'><strong><em>τά</em></strong></span> <span class='ocrx_word' id='word_1_126' title='bbox 700 2103 762 2193; x_wconf 79' lang='grc' dir='ltr'><strong><em>μέν</em></strong></span> <span class='ocrx_word' id='word_1_127' title='bbox 789 2109 852 2192; x_wconf 83' lang='grc' dir='ltr'><strong><em>γάρ</em></strong></span> <span class='ocrx_word' id='word_1_128' title='bbox 881 2117 940 2173; x_wconf 93' lang='grc' dir='ltr'><strong><em>τοῦ</em></strong></span> <span class='ocrx_word' id='word_1_129' title='bbox 968 2113 1102 2190; x_wconf 78' lang='grc' dir='ltr'><strong><em>λευκοῦ,</em></strong></span> <span class='ocrx_word' id='word_1_130' title='bbox 1130 2109 1171 2172; x_wconf 85' lang='grc' dir='ltr'><strong><em>τὰ</em></strong></span> <span class='ocrx_word' id='word_1_131' title='bbox 1199 2108 1220 2172; x_wconf 84' lang='lat'><em>6</em></span> <span class='ocrx_word' id='word_1_132' title='bbox 1227 2140 1233 2164; x_wconf 86' lang='grc'><strong><em>-·</em></strong></span> 
     </span>
     <span class='ocr_line' id='line_1_18' title="bbox 312 2205 1212 2299; baseline 0 -20"><span class='ocrx_word' id='word_1_133' title='bbox 312 2212 453 2299; x_wconf 87' lang='grc' dir='ltr'><strong><em>μέλανός</em></strong></span> <span class='ocrx_word' id='word_1_134' title='bbox 479 2213 584 2298; x_wconf 88' lang='grc' dir='ltr'><strong><em>ἐστιν,</em></strong></span> <span class='ocrx_word' id='word_1_135' title='bbox 612 2212 666 2279; x_wconf 82' lang='grc' dir='ltr'><strong><em>καί</em></strong></span> <span class='ocrx_word' id='word_1_136' title='bbox 695 2212 732 2279; x_wconf 89' lang='grc' dir='ltr'><strong><em>ἐν</em></strong></span> <span class='ocrx_word' id='word_1_137' title='bbox 759 2225 830 2291; x_wconf 82' lang='grc' dir='ltr'><strong><em>τοῖς</em></strong></span> <span class='ocrx_word' id='word_1_138' title='bbox 858 2214 971 2290; x_wconf 79' lang='grc' dir='ltr'><strong><em>ἄλλοις</em></strong></span> <span class='ocrx_word' id='word_1_139' title='bbox 996 2213 1132 2298; x_wconf 85' lang='grc' dir='ltr'><strong><em>ὁμοίως,</em></strong></span> <span class='ocrx_word' id='word_1_140' title='bbox 1160 2205 1212 2279; x_wconf 78' lang='grc' dir='ltr'><strong><em>οἷο</em></strong></span> 
     </span>
     <span class='ocr_line' id='line_1_19' title="bbox 312 2317 1187 2406; baseline -0.001 -20"><span class='ocrx_word' id='word_1_141' title='bbox 312 2330 428 2406; x_wconf 82' lang='grc' dir='ltr'><strong><em>χυμῶν</em></strong></span> <span class='ocrx_word' id='word_1_142' title='bbox 453 2321 489 2386; x_wconf 88' lang='grc' dir='ltr'><strong><em>οἰ</em></strong></span> <span class='ocrx_word' id='word_1_143' title='bbox 507 2317 569 2406; x_wconf 80' lang='grc' dir='ltr'><strong><em>μέν</em></strong></span> <span class='ocrx_word' id='word_1_144' title='bbox 591 2329 652 2386; x_wconf 93' lang='grc' dir='ltr'><strong><em>τοῦ</em></strong></span> <span class='ocrx_word' id='word_1_145' title='bbox 674 2319 830 2404; x_wconf 77' lang='grc' dir='ltr'><strong><em>γλυκέος,</em></strong></span> <span class='ocrx_word' id='word_1_146' title='bbox 858 2321 894 2385; x_wconf 91' lang='grc' dir='ltr'><strong><em>οί</em></strong></span> <span class='ocrx_word' id='word_1_147' title='bbox 913 2317 949 2385; x_wconf 78' lang='lat'><strong><em>66</em></strong></span> <span class='ocrx_word' id='word_1_148' title='bbox 972 2330 1032 2385; x_wconf 93' lang='grc' dir='ltr'><strong><em>τοῦ</em></strong></span> <span class='ocrx_word' id='word_1_149' title='bbox 1055 2328 1187 2405; x_wconf 89' lang='grc' dir='ltr'><strong><em>πικροῦ.</em></strong></span> 
     </span>
     <span class='ocr_line' id='line_1_20' title="bbox 313 2425 1226 2513; baseline 0 -22"><span class='ocrx_word' id='word_1_150' title='bbox 313 2427 357 2491; x_wconf 83' lang='grc' dir='ltr'><strong><em>τά</em></strong></span> <span class='ocrx_word' id='word_1_151' title='bbox 388 2425 605 2512; x_wconf 77' lang='grc' dir='ltr'><strong><em>μεμιγμένα</em></strong></span> <span class='ocrx_word' id='word_1_152' title='bbox 633 2427 721 2513; x_wconf 83' lang='grc' dir='ltr'><strong><em>ἅμα·</em></strong></span> <span class='ocrx_word' id='word_1_153' title='bbox 750 2430 845 2510; x_wconf 84' lang='grc' dir='ltr'><strong><em>λόγοι</em></strong></span> <span class='ocrx_word' id='word_1_154' title='bbox 872 2425 935 2510; x_wconf 90' lang='grc' dir='ltr'><strong><em>γάρ</em></strong></span> <span class='ocrx_word' id='word_1_155' title='bbox 964 2428 1049 2491; x_wconf 87' lang='grc' dir='ltr'><strong><em>εἰσιν</em></strong></span> <span class='ocrx_word' id='word_1_156' title='bbox 1077 2426 1226 2512; x_wconf 83' lang='grc' dir='ltr'><strong><em>άυτικειμ</em></strong></span> 
     </span>
     <span class='ocr_line' id='line_1_21' title="bbox 315 2524 1233 2616; baseline 0 -18"><span class='ocrx_word' id='word_1_157' title='bbox 315 2524 387 2598; x_wconf 88' lang='grc' dir='ltr'><strong><em>οίον</em></strong></span> <span class='ocrx_word' id='word_1_158' title='bbox 415 2533 452 2598; x_wconf 87' lang='grc' dir='ltr'><strong><em>τὸ</em></strong></span> <span class='ocrx_word' id='word_1_159' title='bbox 480 2533 536 2598; x_wconf 78' lang='grc' dir='ltr'><strong><em>διὰ</em></strong></span> <span class='ocrx_word' id='word_1_160' title='bbox 563 2543 678 2598; x_wconf 80' lang='grc' dir='ltr'><strong><em>πασῶν</em></strong></span> <span class='ocrx_word' id='word_1_161' title='bbox 705 2532 760 2599; x_wconf 81' lang='grc' dir='ltr'><strong><em>καί</em></strong></span> <span class='ocrx_word' id='word_1_162' title='bbox 791 2535 827 2599; x_wconf 92' lang='grc' dir='ltr'><strong><em>τὸ</em></strong></span> <span class='ocrx_word' id='word_1_163' title='bbox 856 2534 912 2598; x_wconf 78' lang='grc' dir='ltr'><strong><em>διὰ</em></strong></span> <span class='ocrx_word' id='word_1_164' title='bbox 935 2532 1045 2615; x_wconf 77' lang='grc' dir='ltr'><strong><em>πέντε,</em></strong></span> <span class='ocrx_word' id='word_1_165' title='bbox 1073 2533 1116 2598; x_wconf 84' lang='grc' dir='ltr'><strong><em>άυ</em></strong></span> <span class='ocrx_word' id='word_1_166' title='bbox 1143 2534 1188 2616; x_wconf 80' lang='grc' dir='ltr'><strong><em>μὴ</em></strong></span> <span class='ocrx_word' id='word_1_167' title='bbox 1232 2545 1233 2549; x_wconf 78' lang='grc'>’</span> 
     </span>
     <span class='ocr_line' id='line_1_22' title="bbox 279 2631 1233 2726; baseline 0.001 -24"><span class='ocrx_word' id='word_1_168' title='bbox 279 2663 303 2702; x_wconf 86' lang='grc' dir='ltr'><strong><em>ιο</em></strong></span> <span class='ocrx_word' id='word_1_169' title='bbox 315 2636 524 2720; x_wconf 77' lang='grc' dir='ltr'><strong><em>αἰσθάνηται.</em></strong></span> <span class='ocrx_word' id='word_1_170' title='bbox 560 2637 665 2715; x_wconf 82' lang='grc' dir='ltr'><strong><em>οὕτως</em></strong></span> <span class='ocrx_word' id='word_1_171' title='bbox 688 2637 720 2702; x_wconf 86' lang='lat'><strong><em>6&#39;</em></strong></span> <span class='ocrx_word' id='word_1_172' title='bbox 746 2631 793 2716; x_wconf 85' lang='grc' dir='ltr'><strong><em>είς</em></strong></span> <span class='ocrx_word' id='word_1_173' title='bbox 816 2642 913 2722; x_wconf 87' lang='grc' dir='ltr'><strong><em>λόγος</em></strong></span> <span class='ocrx_word' id='word_1_174' title='bbox 936 2638 953 2704; x_wconf 94' lang='lat'><em>6</em></span> <span class='ocrx_word' id='word_1_175' title='bbox 973 2652 1039 2704; x_wconf 88' lang='grc' dir='ltr'><strong><em>τῶν</em></strong></span> <span class='ocrx_word' id='word_1_176' title='bbox 1057 2642 1168 2726; x_wconf 84' lang='grc' dir='ltr'><strong><em>άκρωυ</em></strong></span> <span class='ocrx_word' id='word_1_177' title='bbox 1187 2643 1233 2723; x_wconf 45' lang='grc' dir='ltr'><strong><em>γίῚ</em></strong></span> 
     </span>
     <span class='ocr_line' id='line_1_23' title="bbox 315 2741 1227 2831; baseline 0.002 -22"><span class='ocrx_word' id='word_1_178' title='bbox 315 2744 424 2820; x_wconf 83' lang='grc' dir='ltr'><strong><em>άλλως</em></strong></span> <span class='ocrx_word' id='word_1_179' title='bbox 446 2741 475 2808; x_wconf 85' lang='lat'><strong><em>6’</em></strong></span> <span class='ocrx_word' id='word_1_180' title='bbox 498 2743 551 2810; x_wconf 81' lang='grc' dir='ltr'><strong><em>οὕ·</em></strong></span> <span class='ocrx_word' id='word_1_181' title='bbox 574 2746 664 2810; x_wconf 85' lang='grc' dir='ltr'><strong><em>ἐσται</em></strong></span> <span class='ocrx_word' id='word_1_182' title='bbox 682 2744 746 2830; x_wconf 83' lang='grc' dir='ltr'><strong><em>γάρ</em></strong></span> <span class='ocrx_word' id='word_1_183' title='bbox 765 2745 831 2830; x_wconf 77' lang='grc' dir='ltr'><strong><em>ἅμα</em></strong></span> <span class='ocrx_word' id='word_1_184' title='bbox 850 2744 868 2810; x_wconf 98' lang='lat'><em>6</em></span> <span class='ocrx_word' id='word_1_185' title='bbox 886 2742 948 2829; x_wconf 67' lang='grc' dir='ltr'><strong><em>μὲν</em></strong></span> <span class='ocrx_word' id='word_1_186' title='bbox 965 2751 1090 2812; x_wconf 89' lang='grc' dir='ltr'><strong><em>πολλοῦ</em></strong></span> <span class='ocrx_word' id='word_1_187' title='bbox 1108 2747 1190 2831; x_wconf 85' lang='grc' dir='ltr'><strong><em>πρὸς</em></strong></span> <span class='ocrx_word' id='word_1_188' title='bbox 1209 2745 1227 2811; x_wconf 92' lang='lat'><em>6</em></span> 
     </span>
     <span class='ocr_line' id='line_1_24' title="bbox 315 2849 1230 2938; baseline 0 -22"><span class='ocrx_word' id='word_1_189' title='bbox 315 2849 336 2935; x_wconf 73' lang='grc' dir='ltr'><strong><em>ἦ</em></strong></span> <span class='ocrx_word' id='word_1_190' title='bbox 366 2859 522 2937; x_wconf 85' lang='grc' dir='ltr'><strong><em>περιττοῦ</em></strong></span> <span class='ocrx_word' id='word_1_191' title='bbox 554 2851 637 2936; x_wconf 86' lang='grc' dir='ltr'><strong><em>πρὸς</em></strong></span> <span class='ocrx_word' id='word_1_192' title='bbox 664 2851 793 2936; x_wconf 83' lang='grc' dir='ltr'><strong><em>ἄρτιον,</em></strong></span> <span class='ocrx_word' id='word_1_193' title='bbox 825 2850 843 2916; x_wconf 98' lang='lat'><em>6</em></span> <span class='ocrx_word' id='word_1_194' title='bbox 872 2850 901 2916; x_wconf 81' lang='grc' dir='ltr'><strong><em>θ’</em></strong></span> <span class='ocrx_word' id='word_1_195' title='bbox 935 2851 1050 2934; x_wconf 87' lang='grc' dir='ltr'><strong><em>ὀλίγου</em></strong></span> <span class='ocrx_word' id='word_1_196' title='bbox 1078 2854 1160 2938; x_wconf 89' lang='grc' dir='ltr'><strong><em>πρὸς</em></strong></span> <span class='ocrx_word' id='word_1_197' title='bbox 1187 2874 1230 2917; x_wconf 92' lang='grc' dir='ltr'><strong><em>πο</em></strong></span> 
     </span>
     <span class='ocr_line' id='line_1_25' title="bbox 315 2953 1207 3042; baseline 0 -20"><span class='ocrx_word' id='word_1_198' title='bbox 315 2956 432 3042; x_wconf 88' lang='grc' dir='ltr'><strong><em>άρτίου</em></strong></span> <span class='ocrx_word' id='word_1_199' title='bbox 454 2957 536 3040; x_wconf 85' lang='grc' dir='ltr'><strong><em>πρὸς</em></strong></span> <span class='ocrx_word' id='word_1_200' title='bbox 558 2959 721 3041; x_wconf 84' lang='grc' dir='ltr'><strong><em>περιττόν.</em></strong></span> <span class='ocrx_word' id='word_1_201' title='bbox 757 2961 789 3022; x_wconf 89' lang='grc' dir='ltr'><strong><em>εἰ</em></strong></span> <span class='ocrx_word' id='word_1_202' title='bbox 811 2953 873 3023; x_wconf 86' lang='grc' dir='ltr'><strong><em>οὖν</em></strong></span> <span class='ocrx_word' id='word_1_203' title='bbox 896 2963 1010 3023; x_wconf 80' lang='grc' dir='ltr'><strong><em>πλεῖον</em></strong></span> <span class='ocrx_word' id='word_1_204' title='bbox 1029 2961 1076 3022; x_wconf 82' lang='grc' dir='ltr'><strong><em>ἐτι</em></strong></span> <span class='ocrx_word' id='word_1_205' title='bbox 1096 2956 1207 3042; x_wconf 85' lang='grc' dir='ltr'><strong><em>άπέχει</em></strong></span> 
     </span>
     <span class='ocr_line' id='line_1_26' title="bbox 317 3061 1215 3149; baseline -0.001 -21"><span class='ocrx_word' id='word_1_206' title='bbox 317 3069 384 3128; x_wconf 80' lang='grc' dir='ltr'><strong><em>λων</em></strong></span> <span class='ocrx_word' id='word_1_207' title='bbox 406 3061 461 3127; x_wconf 91' lang='grc' dir='ltr'><strong><em>καί</em></strong></span> <span class='ocrx_word' id='word_1_208' title='bbox 484 3061 636 3149; x_wconf 76' lang='grc' dir='ltr'><strong><em>διαφέρει</em></strong></span> <span class='ocrx_word' id='word_1_209' title='bbox 658 3064 699 3127; x_wconf 86' lang='grc' dir='ltr'><strong><em>τά</em></strong></span> <span class='ocrx_word' id='word_1_210' title='bbox 718 3069 902 3148; x_wconf 88' lang='grc' dir='ltr'><strong><em>συστοίχως</em></strong></span> <span class='ocrx_word' id='word_1_211' title='bbox 920 3061 980 3148; x_wconf 80' lang='grc' dir='ltr'><strong><em>μέυ</em></strong></span> <span class='ocrx_word' id='word_1_212' title='bbox 999 3067 1159 3148; x_wconf 86' lang='grc' dir='ltr'><strong><em>λεγόμενα</em></strong></span> <span class='ocrx_word' id='word_1_213' title='bbox 1178 3063 1215 3129; x_wconf 88' lang='grc' dir='ltr'><strong><em>ἐν</em></strong></span> 
     </span>
     <span class='ocr_line' id='line_1_27' title="bbox 279 3161 1199 3259; baseline 0.001 -23"><span class='ocrx_word' id='word_1_214' title='bbox 279 3195 304 3236; x_wconf 78' lang='grc' dir='ltr'><strong><em>ιε</em></strong></span> <span class='ocrx_word' id='word_1_215' title='bbox 316 3166 353 3234; x_wconf 75' lang='grc' dir='ltr'><strong><em>δὲ</em></strong></span> <span class='ocrx_word' id='word_1_216' title='bbox 373 3167 461 3252; x_wconf 85' lang='grc' dir='ltr'><strong><em>γένει</em></strong></span> <span class='ocrx_word' id='word_1_217' title='bbox 480 3180 547 3234; x_wconf 84' lang='grc' dir='ltr'><strong><em>τῶν</em></strong></span> <span class='ocrx_word' id='word_1_218' title='bbox 566 3169 602 3235; x_wconf 90' lang='grc' dir='ltr'><strong><em>ἐυ</em></strong></span> <span class='ocrx_word' id='word_1_219' title='bbox 619 3178 665 3259; x_wconf 75' lang='grc' dir='ltr'><strong><em>τῷ</em></strong></span> <span class='ocrx_word' id='word_1_220' title='bbox 685 3170 773 3258; x_wconf 77' lang='grc' dir='ltr'><strong><em>αὐτῷ</em></strong></span> <span class='ocrx_word' id='word_1_221' title='bbox 793 3170 880 3254; x_wconf 82' lang='grc' dir='ltr'><strong><em>γένει</em></strong></span> <span class='ocrx_word' id='word_1_222' title='bbox 900 3168 998 3256; x_wconf 79' lang='grc' dir='ltr'><strong><em>(λέγω</em></strong></span> <span class='ocrx_word' id='word_1_223' title='bbox 1018 3169 1047 3234; x_wconf 86' lang='lat'><strong><em>6&#39;</em></strong></span> <span class='ocrx_word' id='word_1_224' title='bbox 1071 3161 1144 3236; x_wconf 80' lang='grc' dir='ltr'><strong><em>οίου</em></strong></span> <span class='ocrx_word' id='word_1_225' title='bbox 1162 3171 1199 3237; x_wconf 88' lang='grc' dir='ltr'><strong><em>τὸ</em></strong></span> 
     </span>
     <span class='ocr_line' id='line_1_28' title="bbox 314 3274 1198 3362; baseline 0.005 -22"><span class='ocrx_word' id='word_1_226' title='bbox 314 3274 369 3341; x_wconf 83' lang='grc' dir='ltr'><strong><em>καὶ</em></strong></span> <span class='ocrx_word' id='word_1_227' title='bbox 393 3277 430 3341; x_wconf 91' lang='grc' dir='ltr'><strong><em>τὸ</em></strong></span> <span class='ocrx_word' id='word_1_228' title='bbox 449 3276 568 3342; x_wconf 80' lang='grc' dir='ltr'><strong><em>λευκὸν</em></strong></span> <span class='ocrx_word' id='word_1_229' title='bbox 586 3283 675 3342; x_wconf 83' lang='grc' dir='ltr'><strong><em>καλῶ</em></strong></span> <span class='ocrx_word' id='word_1_230' title='bbox 695 3278 863 3362; x_wconf 84' lang='grc' dir='ltr'><strong><em>σύστοιχα,</em></strong></span> <span class='ocrx_word' id='word_1_231' title='bbox 883 3275 969 3360; x_wconf 89' lang='grc' dir='ltr'><strong><em>γέυει</em></strong></span> <span class='ocrx_word' id='word_1_232' title='bbox 989 3276 1017 3340; x_wconf 85' lang='lat'><strong><em>6’</em></strong></span> <span class='ocrx_word' id='word_1_233' title='bbox 1036 3277 1142 3361; x_wconf 81' lang='grc' dir='ltr'><strong><em>ἕτερα·</em></strong></span> <span class='ocrx_word' id='word_1_234' title='bbox 1162 3278 1198 3344; x_wconf 87' lang='grc' dir='ltr'><strong><em>τὸ</em></strong></span> 
     </span>
    </p>
   </div>
   <div class='ocr_carea' id='block_1_6' title="bbox 317 3462 1233 3836">
    <p class='ocr_par' dir='ltr' id='par_1_6' title="bbox 317 3462 1233 3836">
     <span class='ocr_line' id='line_1_29' title="bbox 388 3462 1229 3540; baseline 0.004 -19"><span class='ocrx_word' id='word_1_235' title='bbox 388 3474 402 3520; x_wconf 90' lang='grc'>1</span> <span class='ocrx_word' id='word_1_236' title='bbox 428 3462 491 3530; x_wconf 78' lang='grc' dir='ltr'><strong><em>ἐνὸς</em></strong></span> <span class='ocrx_word' id='word_1_237' title='bbox 512 3469 626 3540; x_wconf 77' lang='grc' dir='ltr'><strong><em>ἀριθμῷ</em></strong></span> <span class='ocrx_word' id='word_1_238' title='bbox 649 3472 682 3522; x_wconf 76' lang='lat' dir='ltr'><strong><em>ut</em></strong></span> <span class='ocrx_word' id='word_1_239' title='bbox 707 3469 736 3540; x_wconf 55' lang='lat' dir='ltr'><strong><em>’sl</em></strong></span> <span class='ocrx_word' id='word_1_240' title='bbox 760 3469 807 3523; x_wconf 77' lang='lat' dir='ltr'><strong><em>vel</em></strong></span> <span class='ocrx_word' id='word_1_241' title='bbox 831 3469 875 3540; x_wconf 66' lang='grc' dir='ltr'><strong><em>Ἅι</em></strong></span> <span class='ocrx_word' id='word_1_242' title='bbox 904 3469 974 3524; x_wconf 80' lang='lat' dir='ltr'><strong>haec</strong></span> <span class='ocrx_word' id='word_1_243' title='bbox 998 3486 1052 3523; x_wconf 90' lang='lat' dir='ltr'><strong><em>uno</em></strong></span> <span class='ocrx_word' id='word_1_244' title='bbox 1071 3471 1137 3523; x_wconf 74' lang='lat' dir='ltr'>actu</span> <span class='ocrx_word' id='word_1_245' title='bbox 1156 3468 1229 3524; x_wconf 75' lang='lat' dir='ltr'><strong>senti</strong></span> 
     </span>
     <span class='ocr_line' id='line_1_30' title="bbox 319 3539 1233 3609; baseline 0.005 -19"><span class='ocrx_word' id='word_1_246' title='bbox 319 3543 352 3591; x_wconf 88' lang='lat'><strong><em>10</em></strong></span> <span class='ocrx_word' id='word_1_247' title='bbox 378 3539 425 3595; x_wconf 75' lang='grc' dir='ltr'><strong><em>Δι’.</em></strong></span> <span class='ocrx_word' id='word_1_248' title='bbox 452 3539 536 3594; x_wconf 68' lang='lat' dir='ltr'><strong>docet</strong></span> <span class='ocrx_word' id='word_1_249' title='bbox 561 3555 597 3594; x_wconf 83' lang='grc' dir='ltr'><strong><em>ιιο</em></strong></span> <span class='ocrx_word' id='word_1_250' title='bbox 624 3539 719 3594; x_wconf 73' lang='lat' dir='ltr'><strong>dulcia</strong></span> <span class='ocrx_word' id='word_1_251' title='bbox 741 3540 855 3608; x_wconf 77' lang='lat' dir='ltr'><strong>quidem</strong></span> <span class='ocrx_word' id='word_1_252' title='bbox 878 3544 908 3595; x_wconf 76' lang='lat' dir='ltr'><strong><em>et</em></strong></span> <span class='ocrx_word' id='word_1_253' title='bbox 929 3557 1037 3609; x_wconf 74' lang='lat' dir='ltr'><strong>amara,</strong></span> <span class='ocrx_word' id='word_1_254' title='bbox 1066 3543 1150 3594; x_wconf 73' lang='lat' dir='ltr'><strong>acuta</strong></span> <span class='ocrx_word' id='word_1_255' title='bbox 1173 3545 1203 3596; x_wconf 75' lang='lat' dir='ltr'><strong><em>ot</em></strong></span> <span class='ocrx_word' id='word_1_256' title='bbox 1230 3569 1233 3605; x_wconf 86' lang='lat'>:</span> 
     </span>
     <span class='ocr_line' id='line_1_31' title="bbox 317 3608 1227 3682; baseline 0.004 -19"><span class='ocrx_word' id='word_1_257' title='bbox 317 3608 400 3663; x_wconf 71' lang='lat' dir='ltr'><strong>facile</strong></span> <span class='ocrx_word' id='word_1_258' title='bbox 414 3626 472 3664; x_wconf 71' lang='lat' dir='ltr'><strong><em>una</em></strong></span> <span class='ocrx_word' id='word_1_259' title='bbox 486 3610 593 3679; x_wconf 72' lang='lat' dir='ltr'><strong><em>sentiri,</em></strong></span> <span class='ocrx_word' id='word_1_260' title='bbox 607 3610 683 3680; x_wconf 82' lang='lat' dir='ltr'><strong>quod</strong></span> <span class='ocrx_word' id='word_1_261' title='bbox 696 3611 807 3664; x_wconf 74' lang='lat' dir='ltr'><strong>animus</strong></span> <span class='ocrx_word' id='word_1_262' title='bbox 821 3611 850 3664; x_wconf 90' lang='lat' dir='ltr'><strong><em>in</em></strong></span> <span class='ocrx_word' id='word_1_263' title='bbox 864 3613 1032 3666; x_wconf 72' lang='lat' dir='ltr'><strong>contrariam</strong></span> <span class='ocrx_word' id='word_1_264' title='bbox 1046 3613 1155 3682; x_wconf 71' lang='lat' dir='ltr'><strong>partem</strong></span> <span class='ocrx_word' id='word_1_265' title='bbox 1169 3630 1227 3667; x_wconf 88' lang='lat' dir='ltr'><strong><em>mo</em></strong></span> 
     </span>
     <span class='ocr_line' id='line_1_32' title="bbox 317 3679 1233 3754; baseline 0.003 -20"><span class='ocrx_word' id='word_1_266' title='bbox 317 3696 369 3735; x_wconf 80' lang='lat' dir='ltr'><strong><em>nec</em></strong></span> <span class='ocrx_word' id='word_1_267' title='bbox 392 3679 435 3735; x_wconf 70' lang='lat' dir='ltr'><strong><em>ita</em></strong></span> <span class='ocrx_word' id='word_1_268' title='bbox 457 3680 542 3736; x_wconf 70' lang='lat' dir='ltr'><strong>facile</strong></span> <span class='ocrx_word' id='word_1_269' title='bbox 564 3680 654 3736; x_wconf 76' lang='lat' dir='ltr'>mixta</span> <span class='ocrx_word' id='word_1_270' title='bbox 677 3681 846 3748; x_wconf 72' lang='lat' dir='ltr'>sentiuntur3</span> <span class='ocrx_word' id='word_1_271' title='bbox 870 3699 935 3736; x_wconf 71' lang='lat' dir='ltr'><strong><em>nam</em></strong></span> <span class='ocrx_word' id='word_1_272' title='bbox 958 3683 987 3737; x_wconf 87' lang='lat' dir='ltr'><strong><em>in</em></strong></span> <span class='ocrx_word' id='word_1_273' title='bbox 1010 3683 1147 3754; x_wconf 73' lang='lat' dir='ltr'><strong>diapason</strong></span> <span class='ocrx_word' id='word_1_274' title='bbox 1166 3683 1233 3737; x_wconf 80' lang='lat' dir='ltr'><strong><em>dua</em></strong></span> 
     </span>
     <span class='ocr_line' id='line_1_33' title="bbox 318 3750 1228 3836; baseline 0.002 -30"><span class='ocrx_word' id='word_1_275' title='bbox 318 3750 440 3808; x_wconf 67' lang='lat' dir='ltr'><strong><em>rationes</em></strong></span> <span class='ocrx_word' id='word_1_276' title='bbox 461 3752 491 3825; x_wconf 79' lang='lat' dir='ltr'><strong><em>&#39;s¹</em></strong></span> <span class='ocrx_word' id='word_1_277' title='bbox 512 3756 542 3809; x_wconf 77' lang='lat' dir='ltr'><strong><em>et</em></strong></span> <span class='ocrx_word' id='word_1_278' title='bbox 563 3755 602 3822; x_wconf 68' lang='grc' dir='ltr'><strong><em>γ.</em></strong></span> <span class='ocrx_word' id='word_1_279' title='bbox 645 3754 687 3836; x_wconf 55' lang='lat' dir='ltr'><strong><em>ipa</em></strong></span> <span class='ocrx_word' id='word_1_280' title='bbox 705 3753 935 3835; x_wconf 29' lang='lat' dir='ltr'>aegreladmittit</span> <span class='ocrx_word' id='word_1_281' title='bbox 947 3771 1049 3835; x_wconf 39' lang='lat' dir='ltr'><strong>&#39;posse</strong></span> <span class='ocrx_word' id='word_1_282' title='bbox 1068 3754 1196 3825; x_wconf 84' lang='lat' dir='ltr'>quidem,</span> <span class='ocrx_word' id='word_1_283' title='bbox 1216 3774 1228 3809; x_wconf 86' lang='grc' dir='ltr'><strong><em>ι</em></strong></span> 
     </span>
    </p>
   </div>
   <div class='ocr_carea' id='block_1_7' title="bbox 0 0 1238 3856">
    <p class='ocr_par' dir='ltr' id='par_1_7' title="bbox 0 0 1238 3856">
     <span class='ocr_line' id='line_1_34' title="bbox 0 0 1238 3856; baseline 0 0"><span class='ocrx_word' id='word_1_284' title='bbox 0 0 1238 3856; x_wconf 95' lang='lat' dir='ltr'><strong><em> </em></strong></span> 
     </span>
    </p>
   </div>
  </div>
 </body>
</html>
