2466 3870
176 131 211 193 ln
242 132 409 193 aleatorum
440 132 605 194 luuniuuur
634 156 766 194 nurnero
793 135 845 216 qui
872 157 951 215 quae
979 133 1126 195 (hisloni

110 256 138 301 ot
163 240 316 323 Aegyptii
343 240 518 302 ilooueraut
543 262 614 301 cum
642 244 836 303 (haustuum
861 241 1128 323 philosophorum

107 349 285 431 praeceptis
309 349 503 433 coniungere
527 347 710 434 studebant,
734 348 900 435 egregium
920 348 1028 412 locum
1047 349 1129 412 obti-

106 459 160 519 net
186 453 423 519 Nicomachus¹
452 458 544 518 ortus
572 452 723 542 Geram’,
752 476 833 540 quae
864 455 943 520 urbs
976 454 1129 520 Petraese

105 583 205 647 prope
233 560 346 625 aberat
373 582 393 625 a
419 560 553 625 flumine
580 558 721 626 Jabbolr.
767 560 821 625 hio
842 582 910 626 uon
932 566 1008 627 ante
1030 561 1128 646 impe-

106 672 249 733 ratorum
273 667 495 732 Romanorum
518 670 667 753 tempora
689 666 832 754 scripsit,
855 668 1020 753 improbat
1042 669 1126 734 enim

106 773 221 862 (harm.
245 797 271 840 o.
293 777 331 840 11
357 773 426 861 fin.)
446 774 662 861 Thrasyllum,
687 776 743 860 qui
761 776 843 840 vixit
862 779 967 841 aetate
986 774 1127 862 Augusti

105 887 137 948 et
159 881 291 948 Tiberii.
336 885 439 946 artem
467 886 576 946 sutem
605 882 674 947 eius
703 882 939 948 arithmeticam
967 904 1040 947 oum
1063 881 1128 968 Ap-

103 990 230 1075 puleius
262 992 296 1054 in
328 990 475 1077 linguam
508 989 644 1055 latinam
677 991 823 1076 verterit,
855 989 908 1055 hio
939 989 1024 1054 liber
1051 995 1127 1054 ante

105 1120 224 1164 annum
251 1098 314 1163 170
336 1119 367 1182 p.
393 1095 449 1162 Ch.
478 1097 606 1162 videtur
634 1119 702 1162 esse
728 1097 901 1163 confectus.
948 1119 1029 1183 quae
1052 1118 1125 1162 oum

105 1205 151 1271 ita
183 1206 264 1292 sint,
300 1205 334 1269 in
365 1205 471 1269 medio
504 1205 633 1270 saeculo
665 1205 768 1270 altero
795 1227 825 1290 p.
850 1203 907 1269 ch.
934 1203 1125 1270 Nicomachi

104 1317 191 1379 oetas
219 1315 306 1377 reete
333 1313 475 1398 ponitur.
522 1312 585 1377 dioi
610 1311 740 1397 quidem
762 1314 884 1398 potest,
912 1311 999 1396 quod
1021 1311 1127 1377 Ptole·

104 1421 185 1486 maei
218 1419 258 1484 de
290 1421 413 1485 musica
444 1418 547 1484 libros
579 1420 721 1506 ignoret,
755 1422 829 1484 ante
856 1418 953 1483 huius
980 1422 1127 1504 tempora

106 1526 301 1593 Gerasonum
325 1527 492 1613 seripsisse
515 1531 548 1591 et
572 1526 613 1592 ad
636 1526 755 1592 saeculi
779 1526 909 1592 initium
934 1547 1002 1592 esse
1025 1548 1126 1591 remo-

104 1634 251 1700 vendum.
303 1634 358 1699 sed
389 1634 458 1700 vide
486 1657 526 1698 ne
554 1634 683 1698 noverit
710 1633 873 1698 Thoonem
905 1632 1124 1717 Smyrnaeum.

104 1742 190 1828 quod
217 1743 304 1830 enim
329 1742 386 1807 illo
416 1764 511 1827 quem
539 1741 636 1806 modo
666 1740 903 1829 designavimus
929 1740 1001 1806 loeo
1029 1740 1125 1806 Nioo-

11 1883 13 1887 ’
103 1850 235 1917 machus
258 1853 357 1938 negat
381 1871 536 1914 canonem
559 1871 593 1915 se
618 1848 797 1914 divisurum
820 1847 864 1926 ὡς
882 1846 1125 1934 Ἐρατοσθένης

103 1961 314 2043 παρήκουσεν
350 1955 371 2041 ἢ
406 1958 618 2042 Θράσυλλος,
655 1955 742 2021 haud
780 1956 846 2022 seio
882 1978 924 2020 an
960 1954 1123 2021 Thoonem

103 2069 239 2151 spectet,
267 2066 322 2150 qui
346 2065 457 2130 novies
481 2065 515 2129 in
540 2064 626 2130 libro
651 2086 709 2129 suo
733 2063 842 2129 laudet
864 2063 1123 2149 Eratosthenem,

104 2195 257 2238 canonem
281 2176 391 2238 autem
414 2176 500 2237 secet
524 2195 550 2238 o.
566 2175 608 2239 35
634 2173 687 2236 via
710 2174 742 2236 et
765 2171 889 2235 ratione
908 2170 1077 2256 Thrasylli.

175 2375 188 2422 1
209 2368 250 2423 De
265 2367 432 2422 Nicomachi
446 2367 507 2421 vita
521 2366 587 2420 vide
602 2365 701 2434 Zeller,
716 2365 897 2437 Philosophie
912 2364 963 2420 der
976 2365 1121 2421 Griecheu.

103 2439 192 2495 11122.
213 2445 273 2507 108,
289 2446 313 2495 5.
351 2439 461 2507 Hoohe,
481 2438 594 2492 arithm.
614 2437 732 2508 isagoge
752 2456 778 2507 p.
795 2437 840 2492 IV.

174 2519 189 2566 2
213 2511 284 2578 Περὶ
305 2510 429 2580 Βόστραν
454 2511 503 2563 καὶ
520 2506 650 2583 Ἀραβίαν
670 2509 788 2563 Ioannes
808 2509 980 2580 Philoponus
1005 2508 1034 2563 in
1059 2525 1120 2564 exe·

103 2599 201 2653 geseos
220 2582 311 2638 initio.
