2466 3870
409 108 456 176 JX,
476 114 500 163 t.
525 107 605 164 sicin
624 71 809 182 epitaphium.
1057 110 1122 176 451

106 273 195 355 prior
219 293 293 354 pars
317 272 439 337 ineidat
462 273 495 337 in
519 273 649 337 brevem
674 273 846 358 syllabam,
869 274 970 339 altera
993 296 1069 359 pars
1094 274 1128 338 in

104 378 221 463 longao
250 379 393 463 syllabae
416 379 581 464 sequentis
605 379 749 464 initium3
776 380 860 444 sicut
883 381 975 446 facile
999 383 1045 466 fit,
1069 379 1128 445 ubi

105 507 164 567 pro
184 512 234 545 ιυ
254 487 392 571 posuisti
411 505 473 571 uu,
496 491 530 548 et
548 483 607 549 ubi
627 485 660 548 in
680 484 793 548 ionicis
806 507 865 568 pro
883 515 994 546 eurr
1013 516 1126 547 aar:

106 591 286 658 adhibuisti
308 612 555 654 oeream.
593 591 641 656 ita
659 590 712 655 hic
729 590 893 656 scanditur
911 593 1006 675 ὅλως,
1030 598 1127 676 ..γόν

107 696 188 782 ἐστι,
212 706 245 763 et
267 700 416 764 similiter
439 698 458 764 ὁ
482 701 609 784 χρόνος.
652 697 736 763 hanc
758 699 852 763 metri
871 704 1020 763 naturam
1039 707 1127 783 post-

106 828 202 890 quam
224 805 355 871 Crusius
374 806 548 891 explicavit
568 807 602 869 in
616 803 700 870 Phil.
715 804 774 871 LII
793 807 863 891 167,
882 805 990 890 Spitta
1008 807 1127 871 similia

105 919 271 996 comparat
293 937 332 978 ex
356 913 493 978 aliorum
513 913 711 977 musicorum
730 934 798 976 usu.
831 912 926 977 medii
947 914 1032 977 enim
1053 915 1123 978 aovi

104 1024 217 1103 poetas
245 1022 384 1086 musicos
412 1020 459 1083 ait
482 1017 526 1105 (p
554 1016 633 1106 105)
661 1039 755 1102 saepe
782 1039 840 1102 per
866 1041 1032 1104 syncopen
1060 1043 1126 1086 ear·

104 1127 246 1191 minibus
291 1128 384 1211 aequi
418 1127 546 1214 generis
583 1122 649 1212 (⁴l4)
687 1125 897 1191 immiscuisse
934 1126 1124 1210 rhythmum

105 1236 232 1320 generis
256 1234 432 1319 inaequalis
456 1232 507 1298 vel
530 1231 668 1316 duplicis
688 1230 737 1320 (³s²
758 1238 790 1298 et
808 1230 866 1320 Ἃ),
892 1238 929 1297 ut
952 1234 1034 1298 ictus
1057 1257 1124 1299 non

102 1341 224 1422 primae
253 1347 379 1406 tantum
408 1340 499 1425 pedis
526 1339 643 1404 musici
666 1337 809 1423 syllabae
832 1339 1043 1427 tribueretur,
1067 1343 1124 1406 sed

104 1448 186 1512 alter
213 1448 344 1533 quidam
372 1448 456 1513 ictus
484 1443 714 1511 transferretur
741 1445 776 1511 in
798 1445 930 1511 alteram
954 1446 1121 1531 syllabam.

104 1577 214 1620 verum
238 1555 334 1620 huius
357 1554 471 1619 neniae
493 1551 685 1637 rhythmum
707 1551 848 1618 medium
869 1551 1001 1637 aliquod
1019 1576 1123 1641 genus

103 1683 170 1725 esse
200 1662 284 1726 inter
307 1659 342 1744 3Ἀ4
365 1664 398 1723 et
421 1657 456 1745 6Ἀ8
485 1660 716 1744 interpositum
743 1659 914 1724 manifesto
939 1666 1038 1744 patet.
1084 1684 1122 1726 ao

104 1791 143 1831 ne
171 1769 413 1851 percussionum
439 1766 612 1832 dilaturum
637 1766 770 1831 rdtimae
792 1765 934 1850 syllabae
957 1771 1015 1852 σὺ,
1044 1787 1121 1855 -στι,

104 1873 150 1939 ἀπ
176 1875 273 1938 nimis
300 1878 501 1960 premantur,
531 1872 641 1959 Spittu
667 1874 730 1939 109
758 1873 999 1957 praeferendum
1027 1881 1123 1958 putat

104 1981 291 2065 rhythmum
312 1980 353 2064 3Ἀ,.
377 1980 431 2045 hic
454 1985 562 2045 autem
586 2001 660 2045 cum
684 1979 790 2044 minus
814 1980 997 2044 conveniret
1017 1981 1122 2043 versui

104 2091 216 2173 primo,
239 2091 293 2172 qui
315 2088 466 2171 rhythmo
488 2090 521 2172 ϋἈ
541 2088 798 2172 pronuntiandus
819 2087 951 2171 videtur,
970 2087 1009 2150 ad
1030 2086 1120 2151 illurn

105 2218 164 2275 opo
188 2219 355 2260 numerum
382 2196 577 2261 redeundum
603 2219 673 2259 osso
697 2197 812 2258 censui.
