2466 3870
508 273 572 340 Dc
602 270 833 341 codicibus
864 271 1198 364 uruuuscriptis.

413 535 439 593 Ε
467 555 576 614 magno
605 554 726 594 numero
755 534 888 593 codicum
918 554 1006 592 nianu
1033 536 1209 610 scriptorum

346 624 474 684 musicas
510 624 685 684 contineant
719 641 786 682 cum
818 623 964 701 dignitate
998 624 1094 701 longe,
1117 642 1227 698 praes

346 712 454 772 Veneti
483 716 515 771 et
542 731 618 770 unus
646 710 823 786 Vaticanus,
851 712 889 769 ad
917 712 1087 770 Nicomachi
1117 715 1217 770 autem

346 801 587 861 constituendum
616 801 779 876 plurimum
808 801 910 859 valeat
938 801 1014 858 alter
1043 800 1163 876 quidam
1186 800 1224 855 V:

348 890 383 948 de
405 890 453 949 his
475 889 560 948 libris
583 908 672 966 agam
695 890 793 965 priore
817 889 904 948 huius
927 889 1142 947 dissertationis
1165 907 1204 964 pa

348 979 465 1038 urbium
492 977 626 1037 ordinem
649 977 871 1054 alphabeticum
893 982 1009 1036 secutus
1033 997 1198 1035 enumerem

414 1067 439 1126 Ε
461 1065 586 1126 Venetis
614 1069 715 1125 autam
743 1066 827 1125 libris
850 1067 947 1143 priore
971 1067 1034 1124 loco
1058 1065 1226 1141 contempla

250 1234 252 1238 ι
348 1175 423 1231 enm,
445 1155 530 1215 cuius
549 1155 710 1233 imaginem
728 1155 819 1214 habes
842 1157 873 1214 in
896 1154 998 1213 tabula
1022 1154 1051 1212 II
1072 1172 1199 1230 express
1216 1182 1232 1207 ιι

348 1243 426 1302 Frid
444 1243 649 1320 Bellermann,
672 1264 739 1303 cum
761 1244 888 1320 hymnos
906 1242 1079 1302 Mesomedis
1101 1261 1217 1302 recense

349 1332 424 1392 vidit
449 1332 501 1392 ille
525 1333 658 1410 quidem,
686 1333 738 1392 sed
764 1333 877 1410 ingenii
905 1333 1037 1392 acumine
1066 1332 1211 1409 cogitavit

349 1421 463 1481 struxit
514 1441 530 1480 e
563 1439 702 1481 versuum
733 1422 812 1480 enim
845 1421 945 1480 ordine
979 1420 1112 1495 plurimis
1144 1421 1175 1478 in
1209 1439 1233 1480 ci

349 1509 468 1569 turbato
500 1511 648 1570 exstitisse
680 1510 843 1586 aliquando
876 1509 983 1567 librum
1020 1509 1176 1585 conclusit,
1231 1541 1233 1560 ι

349 1598 462 1658 duobus
484 1599 597 1658 selidiis
615 1599 671 1658 LII
694 1616 795 1657 versus
818 1599 982 1658 carminum
1005 1599 1048 1656 ita
1068 1598 1233 1674 disponere

349 1686 380 1744 in
406 1687 546 1746 editionis
573 1706 641 1765 pag.
662 1689 702 1746 26
732 1687 888 1764 descripsit
910 1688 941 1746 et
964 1691 997 1744 ut
1019 1688 1049 1745 in
1071 1687 1126 1746 hac
1150 1687 1202 1746 tab

349 1770 539 1834 delineatos.¹
584 1775 645 1851 hic,
675 1795 763 1852 quem
792 1775 818 1832 V
849 1776 965 1853 signavi
993 1777 1024 1832 in
1050 1775 1178 1835 Bacchio
1206 1797 1233 1835 ει

351 1864 432 1923 mede
455 1855 523 1945 (ubi
545 1862 709 1924 Vaticanus
733 1864 833 1922 nullus
855 1859 1035 1944 intercedit),
1058 1868 1115 1922 est:

414 1951 547 2011 Venetus
581 1952 750 2012 Marcianus
787 1953 958 2028 appendicis
991 1953 1092 2011 classis
1124 1952 1167 2010 VI
1199 1973 1231 2010 u·

350 2040 601 2117 membranaceus,
644 2042 761 2101 saeculo
794 2041 853 2100 XII
889 2042 935 2099 vel
976 2033 1066 2099 xss1²
1102 2060 1161 2098 una
1197 2059 1232 2098 ea

349 2147 439 2188 manu
469 2130 689 2209 elegantissime
724 2130 852 2206 scriptus
884 2131 939 2204 ita,
981 2136 1014 2188 ut
1045 2129 1208 2188 dimidiatis

350 2217 435 2277 lineis
456 2218 529 2277 bina
551 2219 582 2277 in
605 2219 730 2296 singulis
753 2219 872 2297 paginis
895 2209 1011 2277 exstent
1033 2217 1144 2276 selidia.
1191 2218 1232 2275 in

420 2393 434 2442 l
467 2386 619 2442 Paululum
641 2386 753 2442 differre
775 2387 882 2443 codicis
905 2387 1030 2443 ordinem
1053 2387 1082 2440 in
1105 2386 1202 2456 hymni

349 2457 540 2600 {lemopsetgsri
562 2457 638 2529 apud
656 2456 834 2527 Fleckeisen,
857 2459 1024 2516 Jahroueher
1041 2461 1089 2525 frlr
1107 2458 1227 2514 Ριιιῖοῑο

421 2605 438 2655 1
465 2599 511 2655 ad
542 2599 689 2655 saeculum
715 2600 779 2654 Xlll
807 2617 872 2657 eum
898 2601 1064 2655 rettulerunt
1088 2600 1202 2655 Mittere

350 2671 396 2737 (de
350 2673 470 2740 (qno
487 2669 563 2725 infra
579 2670 696 2742 pm)
716 2674 746 2726 et
763 2671 838 2727 Max.
858 2672 930 2726 'lheu
948 2670 1128 2735 (Volkmanni
1146 2671 1214 2725 obse

350 2741 465 2797 miscell
485 2740 522 2796 ad
540 2688 750 2825 Plutarchum
741 2760 771 2796 ιιι
791 2743 862 2798 actis
881 2742 974 2798 annal.
1008 2760 1080 2810 ymn.
1095 2741 1229 2796 Juravien

349 2830 376 2883 p.
394 2816 432 2884 tl
473 2811 650 2868 Studemnnd
672 2813 722 2884 qui
744 2812 813 2869 olim
837 2814 872 2868 de
891 2830 963 2868 saec
969 2761 1104 2883 lilcogi
1095 2813 1199 2881 tabat,
1227 2839 1231 2859 2

348 2900 414 2938 enm
439 2898 501 2940 essa
529 2881 601 2940 dicit
627 2889 708 2955 parte
731 2902 803 2940 saec.
828 2884 879 2939 XII
902 2883 1061 2955 posteriore.
1074 2832 1201 2940 8ηΒιιιιᾶ
1226 2910 1233 2931 a

348 2903 727 3063 bgisotaedbhondluspessl
745 2955 808 3026 tp
826 2962 885 3010 lot.
902 2904 1028 3024 p(hmsel
1047 2956 1080 3009 de
1099 2955 1128 3008 vi
1146 2955 1223 3024 rhyt
