2466 3870
101 112 212 201 LXXIV
261 209 263 213 ,
355 189 358 193 .
398 101 439 199 lie
457 144 600 198 codicibus
619 118 823 215 manuscriptis.
926 191 930 197 .
971 122 973 126 ,

67 319 84 385 ι)
170 315 353 371 Vet1341.
382 308 477 368 bomb.
510 302 550 368 8⁰.
583 307 610 366 S.
630 308 805 365 xlv—XV.
850 311 897 368 hic
926 314 1016 372 codex
1043 334 1110 374 cum

102 403 180 476 apud
195 400 318 470 Nolhac,
338 398 535 468 Bibliolbcquc
553 397 588 453 de
606 395 731 453 Fuluius
750 395 874 454 Orsines
895 395 993 471 [Paris
1010 400 1106 477 1887]

102 510 128 564 p
148 491 208 544 125
229 490 260 542 et
279 488 341 542 337
366 484 482 542 dicatur
505 501 566 541 esse
586 481 683 540 Orsini
708 482 787 539 illius
811 503 837 539 n
858 485 899 541 34
924 490 955 542 et
975 489 1109 548 exhibere

102 573 272 634 Asistotelis
311 572 423 671 topica
460 572 543 645 Apht
530 571 664 629 thonium
700 572 735 629 de
773 563 947 650 musica(?,)
988 574 1109 633 Nicetae

102 660 305 720 Heracleensis
342 660 438 732 varia,
466 660 670 719 —dubitans
703 680 756 736 ago
789 678 826 716 an
859 659 1042 717 Studemund
1079 663 1109 718 in

101 767 222 806 numero
251 748 360 806 codicis
384 750 538 823 erraverit,
567 769 585 807 a
608 749 789 809 Tschiedelio
814 749 955 823 quaesivi,
979 749 1109 808 contine-

100 843 183 895 rctne
212 837 259 894 hic
282 837 336 895 illa
360 857 435 913 quae
460 838 501 897 St
525 839 646 898 invenit.
692 857 727 899 ac
749 839 898 897 continere
922 839 1006 898 Tsch.
1031 837 1109 896 affir-

101 926 196 983 mavit
229 926 425 1003 probavitque
460 928 541 986 aliud
576 929 655 1003 quod
685 928 849 1002 suspicatus
879 946 967 985 eram.
1021 927 1106 986 Fulvi

101 1015 180 1071 enim
203 1012 302 1073 Orsini
330 1017 388 1074 fuit
414 1017 464 1075 ille
487 1018 590 1090 codex,
618 1037 633 1073 e
662 1035 718 1090 quo
743 1016 918 1074 Possevinus
942 1016 971 1073 in
997 1016 1107 1074 Biblio-

101 1103 187 1162 theca
206 1104 315 1162 selecta
330 1104 462 1163 Euclidis
480 1105 622 1182 isagogen
641 1104 732 1160 latine
751 1099 1109 1179 99111191ονιν111ἰοιωί1ι

101 1183 142 1270 (v
163 1193 286 1267 infrap.
305 1186 389 1272 175).
424 1193 483 1250 iam
501 1193 547 1250 hic
570 1193 651 1250 1341
674 1183 826 1270 quia(fol
844 1184 932 1271 177)
952 1193 989 1249 ad
1012 1195 1107 1265 179,9

101 1281 282 1354 adscriptum
307 1280 397 1338 habet
418 1277 484 1358 περὶ
506 1278 674 1388 φθόγγου
668 1277 717 1338 καὶ
737 1286 794 1338 τῶν
813 1282 922 1338 λοιτιῶν
942 1285 973 1337 91
993 1282 1063 1352 185,
1077 1291 1108 1338 15

101 1369 206 1425 inserit
231 1367 531 1446 προσλαμβανόμενος
559 1358 674 1444 μὲν
640 1389 693 1426 ονν
721 1365 845 1445 εἴρηται,
873 1385 903 1424 se
931 1368 995 1441 ipso
1024 1386 1110 1425 usum

101 1473 163 1513 esse
191 1455 384 1514 Possevinum
414 1456 549 1515 ostendit.
603 1474 669 1514 cum
696 1454 727 1512 Μ
756 1474 822 1512 οων
850 1473 937 1530 agere
965 1454 1086 1513 video
1079 1475 1109 1511 m

103 1546 210 1615 179,8
243 1543 332 1604 τόνου
360 1544 451 1603 etiam
478 1544 614 1601 omittere
642 1561 708 1601 cum
735 1542 786 1598 illo
817 1543 928 1612 206,0
955 1550 1051 1619 μερῶν
1080 1547 1110 1600 et

101 1652 128 1706 q.
145 1650 174 1704 s,
198 1633 228 1688 in
253 1632 386 1690 minutiis
404 1650 491 1705 saepe
510 1631 663 1704 discrepat.
705 1630 740 1686 de
759 1632 867 1686 natura
885 1629 947 1686 eius
966 1633 997 1688 et
1014 1630 1109 1707 digni-

101 1724 164 1777 tate
184 1720 313 1777 iudicare
333 1719 451 1776 difficile
471 1721 523 1790 est,
543 1718 613 1791 quia
630 1717 712 1774 Stud.
732 1717 804 1774 nihil
825 1737 892 1775 eum
910 1718 1008 1776 valere
1026 1723 1110 1777 ratus

101 1808 219 1865 initium
244 1810 273 1864 et
297 1807 408 1864 exitum
431 1824 602 1881 comparare
626 1806 697 1863 satis
716 1805 827 1864 habuit.
860 1807 990 1881 optimae
1009 1811 1109 1865 tamen

101 1899 189 1953 notae
217 1896 248 1952 id
272 1895 344 1952 mihi
368 1895 496 1967 videtur,
524 1895 603 1968 quod
628 1897 732 1966 207,7
762 1896 896 1972 isagoges
924 1896 997 1953 facit
1020 1897 1107 1953 finem

102 1977 152 2063 (cf.
177 2003 199 2041 c.
217 1977 282 2063 56).
325 1983 530 2058 supplementa
554 1983 670 2057 quidem
694 1983 747 2040 illa
766 1984 916 2041 Possevini
940 1984 1001 2042 noli
1021 1986 1108 2042 aesti-

102 2091 183 2129 mare
213 2072 327 2148 1nagni3
356 2092 425 2129 nam
452 2092 518 2130 cum
547 2072 641 2128 forma
669 2071 833 2148 ταράμεοος
861 2072 901 2128 ibi
930 2073 1047 2148 legutur
1071 2073 1107 2129 ab

101 2161 302 2218 Aristoxencis
327 2161 424 2218 aliena
448 2165 477 2218 ct
501 2157 642 2235 ὁμόφωνα
666 2153 758 2238 (quod
782 2160 833 2227 AQ
859 2160 893 2216 dc
918 2161 996 2217 sonis
1020 2154 1106 2238 dicit)

101 2268 236 2324 perverse
269 2250 415 2307 referatur
447 2250 484 2306 ad
517 2249 686 2318 intervalla,
725 2249 871 2323 intellegis
905 2267 965 2305 esse
999 2249 1105 2305 futilia.

102 2339 203 2396 cadem
228 2338 346 2396 exhibet
369 2331 442 2418 (55)
466 2337 526 2394 eod.
552 2336 686 2404 Vulcani,
713 2338 835 2394 fortasse
860 2342 890 2394 et
913 2331 1008 2416 (149)
1033 2338 1108 2410 Par,

101 2428 152 2501 qui
168 2446 226 2500 qua
241 2428 357 2484 ratione
372 2445 522 2502 exagogen
538 2425 643 2482 finiant
657 2446 701 2481 ιιιο
719 2427 826 2483 nescire
842 2427 999 2483 admodum
1015 2427 1107 2483 doleo.
1133 2485 1136 2493 ,

175 2584 187 2629 1
205 2575 369 2629 possevinus
384 2578 491 2629 textum
512 2579 596 2645 auget
610 2594 635 2643 p.
649 2581 706 2642 185,
719 2592 742 2629 15
758 2592 790 2628 ex
801 2574 848 2637 ΑΩ)
863 2593 889 2642 p.
902 2581 943 2640 10,
954 2592 974 2640 ο,
989 2594 1014 2643 p.
1028 2581 1108 2640 187,9

101 2646 183 2700 addit
211 2663 282 2715 quae
311 2647 398 2701 habet
421 2647 455 2699 de
479 2647 568 2714 spisso
592 2647 745 2714 Bryennius
770 2652 829 2712 384,
843 2661 868 2699 aa
891 2645 979 2697 mixta
1002 2662 1037 2699 ex
1060 2645 1107 2709 AQ

103 2725 148 2784 12,
164 2734 176 2771 9
195 2721 224 2771 91
242 2719 306 2771 Arx.
327 2724 373 2786 24,
390 2735 421 2772 11.
463 2715 569 2770 ibidem
593 2717 725 2770 discernit
714 2721 868 2770 icousona
892 2716 1004 2769 dissona
1028 2717 1108 2785 paria

101 2806 165 2843 cum
183 2787 232 2853 AQ
253 2796 294 2853 19,
310 2805 373 2842 ss-
343 2794 427 2855 -13,
445 2804 465 2842 ι.
516 2807 541 2856 p.
559 2795 622 2855 187,
638 2805 662 2842 ιο
685 2787 765 2840 addit
783 2786 969 2855 τριημιτόνιον
989 2791 1017 2840 et
1036 2804 1108 2855 quae

102 2859 193 2912 dedi'
185 2877 216 2912 m
234 2876 314 2912 vana
328 2857 392 2912 lec
372 2862 456 2913 ione
533 2863 582 2911 189
585 2862 723 2927 sauget
736 2875 769 2911 cx
785 2856 832 2921 ΑΟ
848 2863 889 2924 13
904 2873 937 2911 ιο
975 2864 1071 2926 p.190,
1085 2876 1106 2911 11

102 2947 136 2984 ex
150 2929 199 2993 AQ
212 2935 253 2997 14,
264 2945 298 2985 99
326 2948 352 2998 p.
363 2877 591 2996 207,ι11911ο1η
589 2932 732 2997 μελοπειία
746 2929 807 2996 (sio)
823 2925 879 2981 ἕστλ
893 2928 1011 2991 δύναμις
1025 2949 1107 2981 κατα-

102 3000 266 3068 οκευαοτιιιτ)
286 2997 384 3069 μέλους
397 2974 471 3068 (cum
481 2999 529 3063 AQ
541 3006 574 3053 88
576 3003 632 3067 2,9),
652 2998 732 3068 μελος
746 2999 775 3052 di
791 2999 878 3066 πλοκὴ
893 3002 1028 3066 φθόγγων
1043 3000 1107 3052 ἀνο-

102 3074 195 3152 μοιόον
208 3070 319 3138 ὀξύτητι
338 3071 386 3124 καὶ
405 3071 538 3151 βαρύτητι
557 3044 616 3137 (le
636 3077 677 3137 28,
693 3074 737 3137 97),
756 3070 848 3160 pergit
867 3087 928 3122 cum
947 3067 995 3132 AQ
1016 3075 1057 3134 88,
1072 3086 1105 3123 so.

101 3159 151 3210 pro
170 3141 231 3196 aius
249 3146 292 3209 29,
307 3157 332 3195 9ο
351 3143 446 3195 tamen
465 3140 564 3194 scribit
581 3143 692 3194 πεττεία
712 3139 775 3193 di
762 3160 778 3207 η
797 3142 836 3208 ὑφ
840 3135 931 3200 ’ἑνὸς
945 3140 1027 3193 τόνον
1042 3144 1107 3193 τολ·

101 3212 180 3275 λάκις
207 3211 338 3280 γινομένη
362 3213 459 3280 πλῆξις
484 3211 559 3280 (ex
553 3228 614 3280 ipsa
638 3212 706 3298 isng
731 3216 794 3277 207,
809 3228 822 3263 ι
845 3227 907 3263 οων
926 3210 989 3278 Bry.
1010 3216 1069 3277 503,
1085 3215 1108 3278 ι)

102 3278 185 3336 ιιαλ
169 3305 186 3355 ῃ
205 3284 384 3351 γινώσκομεν.
414 3286 478 3351 post
496 3282 686 3367 παραστατιιιή
702 3287 743 3346 29,
755 3297 779 3334 99
753 3297 871 3405 pergi
874 3284 972 3348 1(οιιιιι
987 3255 1106 3335 Β9991ιίο

102 3359 166 3422 302,
182 3370 207 3408 99
231 3356 260 3408 91
282 3354 345 3423 Bry.
365 3359 416 3406 503
423 3358 480 3420 ,9)
504 3353 570 3420 τονὴ
595 3350 626 3405 de'
651 3349 759 3406 ἐστιν
746 3372 763 3418 η
802 3353 832 3403 ντὶ
856 3356 983 3406 πλεῖστον
1006 3352 1107 3421 χρόνον

102 3425 173 3493 μονὴ
192 3424 264 3479 κατὰ
282 3426 349 3494 μίαν
365 3398 697 3493 μινόμέιηττροφορόιν,
684 3441 793 3474 οταν-
804 3425 987 3494 μελῳδῶνται.
1012 3423 1108 3475 finitur

103 3501 144 3561 30,
156 3512 181 3550 25
200 3499 366 3566 διωρθοῦτο.
456 3516 461 3525 ·
