2466 3870
1046 148 1050 151 .
1063 140 1213 153 ——-

472 408 477 413 .
512 293 856 421 (ιιι-1111111111.
995 332 1000 337 ·
1096 329 1184 384 nxm

173 496 212 559 ul
234 494 504 572 Guelferbytanum
532 500 684 575 exemplar
712 492 807 616 &quod
834 499 925 558 habes
953 499 1032 575 apud
1055 497 1129 557 Bell.
1153 496 1184 554 in

175 576 249 665 tab.)
267 583 316 643 rel
330 583 367 660 U,
385 589 421 646 ut
439 590 458 648 6
476 588 518 646 sit
531 579 562 662 9,
582 589 622 646 12
640 579 715 660 3,2
745 579 966 659 1511611.
1000 588 1186 666 diagramma

175 671 266 751 igitur
306 673 402 749 pn‘mo
444 696 478 735 ex
510 675 537 732 V
579 675 627 733 vel
668 675 731 732 eius
770 672 860 731 simili
898 675 1040 750 seriptum
1076 674 1185 754 corrigi

176 763 310 839 coeptum
334 768 380 823 est
402 755 453 842 (nt
474 763 506 821 in
529 763 594 820 Par.
617 763 712 836 2532,
735 752 839 841 Barb.)
864 761 902 818 ad
924 763 1008 837 peius
1027 764 1185 839 exemplar,

177 869 227 910 nee
258 853 359 911 tamen
393 850 561 909 absolutum
593 849 650 909 hoc
682 869 757 926 opus
789 843 840 931 (ut
868 851 898 909 in
926 842 1056 931 Hamb.).
1106 852 1185 910 idem

177 938 286 1000 iactum
313 940 414 998 estin
438 937 532 996 altero
557 938 774 1016 diagrammate
798 931 862 1018 (sex
884 930 1069 1020 harmoniis).
1115 959 1185 997 nam

177 1027 216 1088 ibi
239 1046 356 1103 quoque
380 1026 594 1105 diagrammate
620 1027 700 1104 quod
722 1046 741 1085 a
762 1022 788 1086 R
812 1027 923 1086 unciali
942 1028 1103 1103 incipiebat
1120 1046 1185 1086 cor-

178 1118 271 1175 rector
311 1132 370 1173 non
407 1117 563 1174 contentus
600 1115 711 1174 alteras
747 1114 864 1173 litteras
901 1115 1068 1190 substituit
1109 1134 1184 1192 quae

178 1204 367 1264 recentiorem
393 1221 480 1263 usum
499 1204 655 1279 redolent,
685 1207 721 1262 ut
745 1196 861 1283 ρ·(Ξ
881 1197 931 1285 11).
981 1206 1185 1280 Anonymas

178 1292 365 1352 decumas
356 1312 387 1351 in
416 1293 490 1352 duas
516 1295 616 1369 partes
644 1293 796 1368 separavit
819 1291 946 1351 Vincent
933 1293 1083 1352 tNotiees
1107 1312 1136 1369 p.
1157 1294 1185 1368 2,

178 1381 293 1439 tertiam
317 1399 372 1458 ego
395 1381 562 1440 doctrinam
585 1380 706 1439 distinxi
727 1374 761 1460 (ξ
782 1374 980 1462 66-101)
973 1402 1003 1439 1n
1027 1381 1184 1459 Philologo

178 1468 256 1529 XXX
274 1471 348 1528 418.
394 1469 586 1529 Bacchium
617 1473 717 1528 autem
745 1474 777 1528 et
799 1470 945 1546 hymnos
969 1491 984 1528 1
1007 1470 1073 1528 Ber.
1100 1472 1183 1527 1555

179 1559 384 1634 mesmiptos
402 1557 511 1634 eredes,
529 1557 580 1618 ubi
598 1559 707 1636 legeris
726 1577 802 1635 quae
821 1559 859 1617 ad
877 1558 963 1617 illum
981 1559 1043 1617 eod
1063 1558 1183 1617 contuli.

180 1648 265 1724 atque
291 1647 419 1706 inclinat
445 1647 574 1722 animus,
603 1650 639 1705 ut
665 1647 743 1706 hunc
769 1647 939 1706 universum
962 1647 1092 1706 codicem
1116 1647 1184 1705 inde

180 1738 279 1795 natmn
301 1734 341 1794 ad
358 1733 466 1794 Veneti
488 1735 577 1811 prisci
601 1734 748 1794 familiam
766 1754 909 1810 revocem,
933 1735 1069 1811 quamvis
1087 1735 1187 1794 obstet

181 1839 200 1883 α
220 1824 295 1882 illud
313 1826 345 1883 et
365 1818 411 1894 ·,>'<·.
444 1824 559 1899 inspexi
580 1826 673 1885 1890.
707 1816 748 1903 (v.
768 1824 842 1882 Bell.
862 1825 957 1883 Anon.
980 1828 1006 1900 l,
1029 1824 1117 1899 Hym.
1136 1827 1184 1884 19.

180 1911 281 1972 Bacch.
305 1913 428 1991 Argent
452 1912 536 1973 128.
568 1912 754 1972 Jabrbdcher
775 1916 869 1988 1890,
893 1905 981 1993 686.)
1028 1911 1184 1973 011265.

242 1999 273 2060 Ρ.
294 2003 380 2063 2459
401 1994 496 2083 (colb.
518 1995 626 2083 2595).
652 2002 695 2061 ch.
715 2001 765 2061 fol.
790 2002 818 2060 S.
832 2002 902 2060 XVI
922 2002 1014 2061 Andr.
1033 1993 1185 2083 Darmar.)
1199 2003 1213 2069 (3

180 2088 253 2166 ΔΟ,
274 2089 352 2149 Ptol
399 2088 462 2150 Om.
482 2090 519 2148 ib.

243 2177 275 2238 P.
291 2180 378 2240 2460
393 2172 480 2258 (Tell.
499 2179 581 2238 Rem.
599 2181 693 2255 2179,
707 2172 747 2260 2).
772 2181 815 2238 ch.
835 2180 885 2238 fol,
906 2179 933 2237 S.
948 2179 1026 2237 XVI.
1050 2179 1186 2255 Alypius,
1199 2181 1213 2248 (‘

182 2263 285 2343 Gaud,
307 2268 418 2344 Anon,
441 2268 561 2344 Bacch,
583 2267 685 2342 Dion,
708 2268 867 2346 Ρ1.-Ε111.,
891 2268 986 2343 Eucl,
1015 2268 1096 2326 Theo
1119 2286 1185 2326 eum

180 2354 294 2433 Pappc,
316 2358 399 2432 Arx,
422 2356 550 2434 Nicom,
572 2355 649 2434 ΑΟ,
672 2358 741 2434 Bry.
762 2357 784 2415 1.
806 2358 843 2415 Π.

243 2445 284 2504 ut
309 2446 501 2506 Bacchium
529 2446 647 2522 quidem
678 2447 817 2505 haustum
846 2465 907 2505 esse
936 2467 950 2504 e
979 2446 1056 2504 Mon.
1078 2447 1140 2503 215
1170 2464 1185 2503 1

180 2533 290 2593 lacunis
312 2535 491 2593 constituere
514 2534 601 2593 facile
624 2535 717 2610 potui.
756 2535 834 2610 qnod
859 2538 958 2593 antem
976 2535 1012 2592 de
1031 2533 1185 2611 phthongo

181 2622 254 2681 illud
268 2623 384 2699 307,19
402 2642 462 2682 nou
480 2621 591 2698 repetit
604 2641 670 2682 eum
686 2621 720 2698 Ο,
739 2623 790 2681 sed
804 2624 918 2681 omittit
931 2642 997 2682 cum
1012 2623 1078 2682 Par.
1091 2624 1186 2698 2532,

180 2710 264 2770 huius
286 2729 349 2770 csse
371 2710 449 2770 filins
471 2710 596 2770 ridetur.
634 2730 700 2770 cnm
723 2711 780 2770 hae
803 2716 903 2770 autem
925 2711 1041 2770 familia
1064 2704 1184 2793 (Hamb.

181 2792 281 2882 Barb.)
310 2799 399 2876 plura
425 2801 452 2859 ei
479 2800 667 2860 intercedunt
694 2801 868 2860 eommunia.
919 2801 1091 2878 isagogen
1119 2819 1186 2859 eum

181 2889 275 2963 priore
303 2889 368 2948 loeo
396 2882 455 2968 (bis
479 2890 556 2947 enim
580 2889 711 2964 exhibet,
737 2894 774 2947 11
795 2890 873 2948 solet
893 2890 949 2948 hoc
972 2889 1054 2948 codd.
1078 2881 1185 2969 genus)

182 2976 296 3036 Euclidi
318 2977 458 3053 vindieat,
482 2979 546 3055 agit
568 2996 635 3038 eum
657 2978 693 3037 U.
736 2978 862 3036 alterum
886 2981 985 3037 antem
1008 2978 1082 3036 artis
1104 2977 1186 3036 illius

182 3069 348 3125 contextum
374 3066 550 3143 inscriptum
577 3064 609 3126 lx
636 3075 695 3125 τῶν
722 3073 774 3125 τοῦ
799 3065 950 3126 Πάππου
974 3065 1095 3125 Cramer
1117 3067 1186 3125 hinc

182 3154 272 3215 edidit
297 3155 328 3214 in
356 3155 517 3216 Aneedetis
543 3155 609 3214 Par.
632 3155 718 3215 147.
769 3156 878 3214 transit
906 3156 984 3214 enim
1012 3174 1032 3214 a
1058 3155 1186 3214 Theonis

172 3245 259 3303 112
282 3243 321 3302 ad
343 3244 419 3305 hane
432 3244 644 3304 insomnem
665 3243 817 3305 doctrinae
836 3245 968 3303 formam.
1011 3245 1061 3319 qui
1086 3248 1186 3302 autem

181 3331 248 3392 inde
261 3333 436 3411 transgressi
450 3333 554 3410 Pappe
567 3333 710 3412 isagogen
725 3333 879 3392 vindicant
892 3326 1059 3413 (numeravi
1073 3335 1122 3391 12.
1134 3335 1185 3393 36.

178 3422 231 3480 42.
252 3423 301 3480 76.
322 3424 393 3493 151.
415 3414 679 3503 1591731187),
702 3422 756 3481 hos
778 3422 810 3480 in
833 3422 1009 3482 lectionibus
1030 3425 1185 3498 tantopere

181 3510 347 3586 conspirare
362 3511 455 3586 video,
468 3515 505 3570 ut
517 3510 665 3570 artissime
680 3512 851 3570 coniunctos
866 3512 960 3569 dicere
975 3530 1034 3569 non
1045 3510 1184 3569 dubitem.

181 3599 415 3679 etqnamqnam
442 3603 557 3675 partem
585 3600 745 3659 lectionum
771 3600 932 3676 speciosam
956 3600 1082 3659 fortasse
1105 3600 1186 3658 dieas

180 3689 267 3747 etex
288 3687 402 3747 librarii
425 3689 578 3765 prudentis
600 3689 720 3767 ingenio
741 3694 902 3749 correctam
922 3682 971 3769 (ut
994 3708 1132 3748 sonorum
1156 3692 1188 3748 et
