2466 3870
397 433 412 452 ,.
530 420 785 508 mem.
1173 431 1195 494 5

180 599 348 678 θρυκτον·
385 593 465 658 ὅταν
502 589 540 658 δὲ
574 599 717 680 κωλυθῇ
753 595 981 678 θρύπτεσθαι,
1017 591 1038 675 ἡ
1074 593 1195 658 τούτου

179 701 309 780 κίνησις
335 701 455 784 ψόφος.
504 700 522 766 6
551 699 582 766 δ’
617 700 654 767 ἐν
681 714 752 779 τοῖς
779 698 863 767 ὠσὶν
891 698 1196 788 ἐγκατῳκοδόμηται

180 805 263 886 πρὸς
284 806 322 871 τὸ
345 805 500 891 ἀκίνητος
522 803 620 892 εἶναι,
644 809 733 885 ὅπως
754 808 898 893 ἀκριβῶς
916 806 1117 891 αἰσθάνηται
1136 805 1196 870 πά-

180 928 240 989 σας
261 913 320 990 τάς
343 913 507 999 διαφορὰς
528 909 588 998 τῆς
609 917 779 997 κινήσεως.
816 914 873 979 διὰ
896 924 999 979 ταῦτα
1022 911 1059 979 δὲ
1079 911 1135 979 καὶ
1159 911 1196 977 ἐν

155 1018 276 1084 ιύβατι
304 1019 484 1104 ἀκούομεν,
516 1020 568 1084 ότι
600 1020 663 1084 οὐκ
690 1019 870 1103 εἰσέρχεται
897 1022 981 1104 πρὸς
1008 1021 1110 1085 αὐτὸν
1136 1020 1197 1085 τὸν

181 1133 317 1209 συμφυῆ
345 1123 440 1208 άίρα,
471 1123 543 1190 ἀλλ’
576 1123 651 1188 οὐδ’
682 1127 729 1200 είς
756 1126 793 1189 τὸ
822 1119 881 1200 οὖς
910 1125 965 1189 βιά
993 1127 1051 1202 τάς
1077 1125 1196 1202 ἕλικας.

181 1230 259 1296 ὅταν
285 1226 324 1294 δὲ
350 1238 450 1294 τοῦτο
473 1232 600 1315 συμβῇ,
628 1230 691 1295 οὐκ
717 1230 845 1295 ἀκούει·
868 1227 939 1294 οὐδ’
968 1228 1010 1295 ἀν
1033 1230 1054 1312 ἡ
1076 1230 1195 1316 μῆνινξ

180 1335 275 1423 κύμη,
297 1336 408 1420 ὥσπερ
431 1337 468 1400 τὸ
492 1334 546 1401 ἐπὶ
569 1345 609 1421 τῇ
632 1339 715 1422 κόρη
739 1333 843 1421 δέρμα
866 1335 946 1400 ὅταν
969 1333 1064 1418 κάμη.
1110 1335 1195 1402 άλλά

181 1439 233 1506 καὶ
265 1453 402 1526 σημεῖον
429 1450 490 1507 τοῦ
520 1440 659 1508 ἀκούειν
685 1442 706 1526 ἢ
734 1443 779 1527 μὴ
805 1444 843 1507 τὸ
871 1442 964 1526 ἠχεῖν
991 1439 1043 1506 ἀεὶ
1070 1443 1106 1507 τὸ
1135 1437 1226 1518 οὖς.

147 1545 288 1632 ιιιθσιερ
315 1547 353 1612 τὸ
379 1544 489 1630 κέρας·
517 1545 569 1611 ἀεὶ
598 1548 662 1631 γὰρ
687 1550 813 1613 οἰκείαν
835 1547 912 1612 τινὰ
934 1551 1066 1631 κίνησιν
1089 1547 1107 1612 6
1130 1548 1194 1631 ἀὴρ

180 1663 316 1719 κινεῖται
344 1650 363 1718 6
390 1652 428 1719 ἐν
453 1664 525 1730 τοῖς
547 1649 645 1718 ὠσίν·
669 1651 740 1718 ἀλλ’
770 1652 788 1717 6
811 1656 922 1736 ψόφος
944 1653 1117 1739 ἀλλότριος
1138 1653 1193 1719 καὶ

181 1760 240 1826 οὐκ
264 1761 358 1836 ίόιος.
393 1756 449 1825 καὶ
472 1760 529 1826 διά
551 1762 652 1825 τοῦτό
676 1775 782 1842 φασιν
805 1757 941 1823 ἀκούειν
963 1768 1009 1847 τῷ
1030 1769 1115 1848 κενῷ
1138 1758 1194 1825 καὶ

182 1866 326 1950 ἠχοῦντι,
349 1866 401 1932 ότι
423 1866 590 1951 ἀκούομεν
612 1874 659 1953 τῷ
683 1868 791 1950 ἔχοντι
816 1863 1002 1949 ὡρισμένον
1025 1867 1084 1931 τὸν
1105 1865 1194 1951 ἀέρα.

181 1975 320 2057 κότερον
343 1969 381 2038 δὲ
402 1983 507 2057 ψοφεί
529 1974 566 2038 τὸ
590 1975 798 2057 τυπτόμενον
825 1970 846 2054 ἢ
869 1972 907 2037 τὸ
930 1972 1068 2051 τύπτον;
1095 1972 1116 2056 ἦ
1139 1971 1195 2038 καὶ
1214 1990 1229 2039 ⁷

148 2080 294 2163 ιιᾶμφω,
320 2081 446 2163 τρόπον
473 2077 504 2143 δ’
536 2078 665 2163 ἕτερον·
695 2081 764 2144 ἔστι
787 2080 851 2162 γάρ
875 2078 894 2144 6
918 2082 1044 2163 ψόφος
1066 2083 1196 2162 κίνησις

181 2194 239 2251 τοῦ
262 2183 452 2270 δυναμένου
473 2193 643 2251 κινεῖσθαι
667 2187 726 2251 τὸν
750 2188 874 2270 τρόπον
894 2195 1016 2251 τοῦτον
1036 2186 1136 2270 όνπερ
1155 2187 1196 2251 τὰ

181 2289 392 2376 άφαλλόμενα
406 2290 470 2357 ἀπὸ
485 2303 553 2357 τῶν
566 2296 677 2375 λείων,
697 2293 777 2357 ὅταν
791 2316 841 2369 τις
854 2293 991 2378 κρούση.
1018 2293 1058 2358 ού
1072 2294 1114 2375 δὴ
1128 2306 1196 2357 πᾶν

182 2397 288 2482 ὥσπερ
312 2403 438 2480 είρηται
460 2409 567 2482 ψοφεῖ
583 2401 791 2482 τυπτόμενον
809 2396 864 2462 καὶ
883 2399 1020 2481 τύπτον,
1043 2390 1116 2464 οἷον
1137 2398 1196 2463 ἐὰν

181 2502 304 2589 κατάξη
323 2506 443 2587 βελόνη
460 2507 615 2587 βελόνην·
635 2503 720 2568 ἀλλά
734 2503 836 2568 δεῖτὸ
851 2507 1056 2588 τυπτόμενον
1071 2504 1195 2588 ὁμαλὸν

148 2632 171 2672 ιο
183 2604 278 2692 εἶναι,
300 2609 385 2675 ὥστε
402 2611 462 2675 τὸν
481 2609 561 2694 ἀέρα
580 2609 715 2695 ἀθροῦν
734 2607 945 2693 ἀφάλλεσθαι
963 2608 1018 2675 καὶ
1037 2615 1196 2676 σείεσθαι.

248 2717 298 2782 Ac
339 2712 378 2782 δὲ
409 2714 570 2801 διαφοραὶ
606 2727 675 2781 τῶν
715 2718 919 2800 ψοφούντων
962 2715 999 2782 ἐν
1038 2725 1084 2805 τῷ
1123 2715 1229 2782 κατέ]

182 2821 350 2908 ἐνέργειαν
381 2826 481 2911 ψόφφ
512 2823 707 2906 δηλοῦνται·
740 2823 849 2907 ὥσπερ
881 2824 945 2907 γὰρ
977 2824 1059 2888 ἀνευ
1086 2825 1197 2908 φωτὸς

183 2929 240 3014 ούχ
267 2930 384 3014 όρᾶται
411 2932 451 2995 τά
478 2931 649 3015 χρώματα,
677 2930 784 3006 οὕτως
812 2927 884 2994 οὔτ’
915 2930 998 2994 ἀνευ
1022 2933 1135 3015 ψόφου
1158 2932 1195 2995 τὸ

182 3035 238 3113 ὀξύ
265 3034 321 3101 καὶ
348 3037 386 3102 τὸ
414 3039 510 3121 βαρύ.
555 3045 659 3101 ταῦτα
688 3034 724 3101 ἀὲ
748 3034 875 3119 λέγεται
899 3037 981 3100 κατὰ
1003 3038 1196 3120 μεταφορὰν

146 3141 244 3207 ειάτιὸ
271 3153 339 3207 τῶν
366 3141 491 3207 ἀτιτῶν·
520 3145 557 3209 τὸ
580 3139 642 3227 μὲν
665 3144 729 3226 γάρ
753 3141 820 3219 ὀξὺ
843 3153 932 3206 κινεῖ
951 3142 1012 3224 τὴν
1035 3148 1196 3225 αἴσθησιν

182 3247 217 3314 ἐν
240 3247 341 3335 ὀλίγῳ
364 3251 474 3336 χρόνῳ
497 3247 550 3314 ἐπὶ
574 3249 677 3331 ιιολύ,
699 3249 736 3314 τὸ
760 3244 798 3313 δὲ
821 3251 921 3332 βαρὺ
946 3248 983 3313 ἐν
1005 3254 1116 3336 πολλῷ
1142 3247 1193 3313 ἐπ’

181 3355 302 3438 ὀλίγον.
339 3355 380 3420 οὐ
404 3355 446 3437 δὴ
469 3358 550 3438 ταχὺ
574 3356 611 3420 τὸ
636 3354 705 3438 ὀξύ,
733 3355 770 3419 τὸ
795 3351 831 3419 δὲ
854 3358 941 3438 βαρὺ
965 3356 1083 3439 βραόύ,
1111 3355 1195 3420 ἀλλὰ

181 3466 305 3544 γίνεται
323 3470 385 3526 τοῦ
408 3458 469 3546 μὲν
492 3460 558 3525 ἀιά
581 3462 623 3525 τὸ
647 3462 764 3545 τάχος
781 3460 803 3544 ἡ
821 3464 951 3544 κίνησις
969 3463 1115 3544 τοιαύτη,
1134 3470 1195 3527 τοῦ

249 3659 284 3708 21
304 3654 337 3709 ού
357 3653 392 3722 δι’]
412 3654 482 3723 ταχύ
501 3653 532 3708 τὸ
553 3652 602 3719 όξύ
622 3652 773 3723 opponitur
793 3653 937 3708 doctrinae
956 3652 1092 3708 Platonis.
1126 3652 1195 3707 Por-

179 3725 295 3798 phyrius
313 3724 350 3779 ad
369 3723 524 3779 Ptolemaei
543 3723 631 3778 barm.
653 3731 677 3792 1,
693 3730 708 3778 3
729 3744 754 3795 p.
771 3730 830 3781 227.
855 3725 890 3779 cf.
905 3723 1031 3778 Platonis
1047 3723 1195 3778 Timaeum

179 3816 203 3854 α.
221 3802 265 3854 29.
297 3796 348 3851 uod
366 3795 402 3850 τί.
423 3796 511 3850 etiam
529 3794 605 3849 infra
624 3795 716 3850 locum
736 3799 773 3866 (3)
793 3812 808 3850 ε
828 3795 940 3865 Topicis
960 3797 1129 3864 excerptum.
