2466 3870
509 411 632 497 eiusqpa
648 400 740 473 libris.
921 422 928 429 '
974 410 980 417 ’
1069 408 1136 475 223

103 558 273 645 minuatur
304 595 481 642 nervorum
514 576 567 643 vel
599 579 747 665 corporis
777 579 923 645 sonantis
954 572 1136 665 longitudo,

105 682 238 751 minima
267 684 339 747 arat
361 683 470 751 medio
493 684 563 751 ullo
585 684 661 751 loco
683 684 881 771 ponendum,
908 682 1135 751 ascribendum

103 794 154 857 ost
175 789 289 875 generi
312 791 430 877 priori,
454 790 543 877 quod
565 793 722 857 metense
746 792 798 857 vel
820 794 965 876 corporis
987 790 1137 859 sonantis

104 900 235 963 tenetur
258 899 494 987 maguitudino.
536 896 730 965 malleorum
752 896 879 963 fabulas
903 903 936 963 st
955 900 1135 984 ponderum

104 1002 236 1069 illorum
260 1003 303 1092 (c.
318 1003 355 1093 6)
376 1004 626 1090 pomersitatem
649 1004 745 1071 multi
769 1004 916 1072 homines
935 1006 1022 1073 docti
1040 1004 1136 1071 cati-

103 1115 273 1199 garerunt.
319 1111 403 1177 mihi
430 1111 465 1177 id
488 1111 589 1177 otiam
613 1111 777 1199 displicet,
803 1113 891 1198 quod
912 1113 1135 1202 Pythugouuu

103 1223 198 1285 uetus
211 1218 401 1303 ascripsisse
414 1239 589 1285 numerum
600 1220 652 1305 12,
667 1219 807 1305 hypatas
819 1224 1018 1289 uumerumd
1029 1222 1134 1307 putat,

104 1348 179 1393 cum
202 1329 329 1391 veteres
352 1325 405 1391 usi
429 1324 603 1391 videantur
624 1326 724 1393 modo
746 1327 910 1393 contrario
933 1324 979 1415 (p.
999 1326 1089 1412 141).

168 1432 342 1499 Dedicsvit
360 1436 472 1498 sutem
491 1431 580 1499 huuc
596 1432 747 1499 libellum
759 1431 978 1501 Nicomachus
995 1433 1134 1499 feminac

104 1539 232 1607 cuidam
270 1539 497 1606 nobilissimae
534 1544 635 1625 atque
668 1562 837 1625 ucussns,
878 1540 965 1625 quod
1000 1541 1134 1607 festinet

103 1648 230 1715 itineris
246 1647 409 1714 molestiis
428 1651 575 1735 vexatus,
593 1648 652 1713 ubi
670 1649 812 1734 primum
829 1648 904 1734 plus
921 1649 982 1715 otii
994 1653 1133 1715 nanctus

103 1759 200 1841 esset,
227 1756 397 1822 alterum
426 1755 466 1820 de
488 1757 616 1821 manca
638 1777 735 1842 opus
756 1777 792 1823 se
813 1757 1037 1824 coniecturum
1060 1780 1134 1842 pro·

103 1864 207 1929 mittit
247 1862 353 1928 multo
391 1863 593 1948 copiosius
631 1867 666 1928 at
706 1862 860 1949 plenius.¹
919 1864 1022 1930 hocne
1057 1885 1131 1931 euru

102 1969 290 2055 [latebimus
309 1970 503 2055 scripsisse?
540 1974 634 2036 eraut
653 1972 710 2056 qui
728 1972 894 2056 scripsisse
911 1994 984 2037 eum
1003 1973 1133 2037 demon-

103 2081 244 2142 strarant
276 2099 294 2141 e
325 2077 398 2142 loco
427 2077 589 2163 Eutocii²‚
618 2102 683 2164 quo
712 2079 765 2143 hio
793 2080 872 2144 dicit
899 2079 938 2144 dc
966 2082 1128 2146 rationum

103 2184 344 2269 quantitatibus
369 2182 614 2273 (πηλικότητες)
640 2191 673 2251 et
699 2188 808 2273 pergit
837 2187 882 2264 ὥς
905 2206 1010 2272 φασιν
1034 2189 1131 2253 ἄλλοι

103 2291 216 2358 τεκαὶ
241 2290 446 2378 Νικόμαχος·
472 2293 510 2358 ἐν
533 2302 579 2381 τῷ
603 2296 724 2384 πρώτῳ
749 2293 824 2379 περὶ
847 2305 1015 2380 μουσικῆς.
1046 2293 1131 2359 uude

103 2399 207 2463 clucet
229 2399 390 2464 librorum
414 2399 549 2485 aliquod
573 2423 691 2486 eorpus
715 2425 788 2467 eum
812 2403 984 2489 scripsisse,
1008 2400 1131 2488 quode

105 2681 139 2717 ex
160 2662 329 2718 Nicomachi
352 2667 448 2721 verbis
473 2668 601 2739 apparet.
641 2667 753 2736 sculpta
776 2666 907 2721 videntur
930 2666 1002 2721 talia
1025 2667 1129 2721 instru-

106 2738 202 2790 mente
220 2735 252 2790 in
270 2736 463 2793 Romanorum
482 2738 677 2810 sarcophagis.
715 2739 750 2794 cf.
770 2739 946 2794 Baumeister
963 2740 1131 2795 Dorduu'r'lcr

103 2828 129 2877 p.
155 2814 232 2862 1546.
284 2808 353 2878 Jan‚
386 2813 487 2882 priscis.
517 2811 693 2867 Soiteninstr.
723 2816 815 2879 11882)
842 2830 868 2880 p.
895 2817 941 2880 20,
975 2829 1039 2867 ann.
1070 2814 1129 2863 144.

105 2879 250 2951 Stephane
272 2880 382 2951 Comple
400 2885 491 2937 reuda
512 2887 591 2952 1881,
610 2901 637 2953 p.
654 2889 696 2936 δι’).

177 2956 191 3004 1
217 2951 291 3005 Vide
310 2971 336 3022 p.
353 2959 415 3021 238,
427 2970 460 3009 ιο.
476 2960 537 3023 242,
550 2971 583 3010 ιο.
599 2961 661 3021 249,
672 2973 692 3009 s.
708 2960 799 3021 260,ι.
816 2960 876 3021 261,
889 2970 920 3009 ιο.
936 2960 997 3023 261,
1008 2971 1027 3009 1.
1048 2986 1080 2994 —
1102 2954 1132 3005 ot

106 3022 176 3075 illud
196 3024 304 3090 προιὼν
324 3024 339 3077 ό
359 3025 441 3094 λόγος
460 3027 579 3094 δηλώσει
598 3045 625 3095 p.
642 3033 702 3092 313,
717 3042 738 3080 ιι
760 3026 788 3078 in
808 3026 881 3080 hune
899 3026 991 3095 ipsum
1011 3027 1130 3080 fortasse

104 3093 207 3147 librum
228 3093 368 3149 relaturus
388 3114 426 3164 es,
447 3114 499 3151 uec
518 3101 615 3151 tamen
636 3098 665 3151 in
685 3097 719 3150 iis
739 3114 811 3166 quac
831 3101 986 3166 sequuntur
1004 3095 1130 3152 invenies

103 3182 176 3234 quae
196 3170 297 3221 auctor
313 3168 467 3249 promittit.

173 3245 189 3291 2
219 3238 354 3292 Eutoorus
388 3240 418 3293 iu
452 3240 656 3295 commentario
690 3241 727 3294 sd
756 3239 932 3295 Archimedis
960 3240 1065 3295 librum
1092 3240 1128 3293 do

103 3309 224 3379 sphaera
242 3310 268 3364 ll
283 3316 301 3363 4
315 3315 352 3380 (p.
371 3317 422 3365 160
442 3312 557 3379 Torelli,
576 3312 616 3366 ΙΙΙ
633 3318 684 3366 140
703 3312 850 3382 Hcibergl:
871 3312 939 3367 ὅταν
959 3311 991 3367 αῖ
1007 3323 1063 3367 τῶν
1082 3310 1127 3364 λό-

103 3400 161 3449 γων
184 3381 369 3450 πηλικότητες
392 3380 440 3452 ἐφ’
468 3380 572 3447 ἑαυτὰς
595 3389 906 3439 πολλαπλασιασθεῖσαι
929 3388 1046 3439 ποιῶσίν
1066 3403 1130 3437 τινα

101 3451 174 3513 (scil.
188 3453 373 3524 πηλικότηια)
393 3487 426 3495 -
447 3455 633 3524 πηλικότηπος
652 3458 739 3524 δῆλον
758 3455 800 3511 ὅτι
819 3453 968 3526 λεγομένης
981 3466 1031 3512 τοῦ
1045 3457 1130 3523 ἀριθ-

101 3533 165 3592 μοῦ,
180 3520 214 3578 οὗ
229 3525 401 3596 παρώνυμός
415 3523 491 3582 ἔστιν
506 3527 521 3582 ὁ
537 3530 688 3598 διδόμενος
703 3529 790 3596 λόγος,
805 3527 841 3590 ὣς
853 3546 941 3596 φασιν
951 3529 1030 3584 ἄλλοι
1039 3547 1069 3584 σε
1079 3525 1129 3580 καλ

103 3598 170 3650 ,Vsa
191 3591 222 3650 ἐν
237 3603 274 3667 τῷ
289 3607 308 3650 a
322 3618 352 3652 π.
367 3607 512 3668 μουσικῆς,
532 3599 550 3654 i.
567 3616 604 3654 c:
625 3600 649 3654 si
665 3600 841 3669 quantitates
856 3600 996 3655 rationum
1011 3601 1085 3655 inter
1100 3614 1129 3649 sc

101 3666 312 3737 multiplicatae
327 3671 520 3738 quantitatem
535 3671 664 3740 aliquam
679 3671 874 3743 efficiant<ex.
883 3690 922 3743 gr.
933 3674 963 3743 2,
972 3703 977 3714 -
986 3673 1017 3744 'ss
1026 3698 1059 3719 ==
1069 3672 1130 3741 2,),

102 3757 174 3864 qurtq
205 3764 211 3787 ι
218 3740 348 3842 paulitas
376 3746 496 3798 vocatur
524 3760 671 3812 numerus,
701 3761 718 3796 a
746 3760 801 3812 quo
830 3743 1027 3800 denominatur
1055 3742 1129 3798 ustio

124 3828 141 3865 a
276 3857 281 3866 .
