2466 3870
100 81 189 164 XXII·
391 110 432 165 De
450 107 594 165 codicibus
608 105 825 198 manuscriptus
886 122 901 140 -·

468 214 471 218 ’
622 213 634 241 Ο

65 286 89 326 [¹.
172 277 257 345 Quod
294 279 394 334 autem
425 269 470 333 Μ’
505 273 608 331 notavi
644 289 835 345 quaecunque
873 277 1048 348 repetuntur
1085 275 1115 331 iu

65 360 88 425 2)
107 365 199 439 Neap.
219 365 265 421 ΙΠ
280 363 301 420 Ο
317 367 350 437 2,
376 366 463 420 erunt
485 362 609 418 fortasse
634 358 684 432 qui
708 359 932 432 reprehendant.
979 363 1115 436 quamvis

103 453 181 508 enim
205 451 310 508 similis
332 450 380 507 hic
403 450 443 505 sit
465 450 496 504 et
518 445 701 520 propinquus
719 445 880 518 Marciano,
903 448 1005 506 subest
1026 469 1114 524 quae·

104 541 171 596 dam
203 538 325 612 originis
355 534 516 607 dubitati03
551 551 586 591 ac
615 532 720 590 melius
753 534 878 591 fortasse
910 535 968 590 fuit
997 541 1116 608 praeter

103 645 193 683 unam
222 623 432 680 correctionem
459 641 486 696 p.
505 623 624 693 194,1o
648 621 678 679 in
704 621 805 696 priora
827 624 964 695 tempora
986 624 1114 680 referen-

103 713 172 768 dam
209 726 255 766 res
292 727 310 765 a
338 708 365 762 V
396 710 509 768 alienas
541 710 657 788 signare
691 704 742 768 M4.
798 711 849 769 sed
880 709 1114 785 Neapolitanum

103 816 164 856 esse
186 796 329 855 Marciani
353 798 447 857 filium
468 803 551 858 ratus
574 818 640 858 cum
663 802 763 859 omnia
787 820 854 859 cum
877 800 905 857 N
928 799 1114 858 concinentia

104 885 198 943 redire
221 886 359 945 vidissem
382 887 413 947 in
432 888 523 948 Rhosi
544 889 692 948 codicibus
712 882 754 971 (U
773 893 805 947 et
822 882 915 969 filiis),
939 890 968 946 in
988 889 1114 948 conscri-

103 974 198 1031 benda
217 977 300 1034 varia
314 977 439 1036 lectione
453 978 583 1055 dignovi,
603 997 678 1053 quae
697 978 798 1052 priora
813 982 843 1036 et
857 995 933 1054 quae
948 979 1114 1053 posteriora

102 1063 279 1122 viderentur.
317 1084 370 1124 nec
391 1068 465 1140 puto
487 1067 600 1124 malum
620 1069 673 1139 est,
697 1067 777 1140 quod
795 1067 940 1141 quidquid
958 1067 1114 1125 correctio-

103 1172 173 1209 num
200 1152 231 1209 in
258 1153 289 1209 Μ
317 1141 445 1227 quadrat
469 1154 508 1211 ad
530 1154 559 1212 N
582 1154 710 1211 breviter
732 1153 882 1212 indicatur
904 1147 955 1211 ΜΒ.
1003 1155 1114 1228 scripta

103 1245 202 1298 autem
243 1244 289 1297 est
324 1242 429 1300 harum
465 1242 561 1300 maior
595 1260 665 1317 pars
702 1245 790 1301 acuto
826 1243 880 1301 illo
917 1243 987 1300 stilo
1025 1263 1113 1317 quern

103 1347 192 1404 supra
215 1328 283 1385 dixi.

72 1429 88 1467 ⁴·
172 1415 284 1484 Quarto
309 1419 409 1475 autem
430 1437 551 1476 numero
575 1418 692 1496 signavi
715 1418 860 1493 quidquid
879 1437 938 1475 non
957 1419 988 1475 in
1001 1417 1039 1490 N,
1063 1418 1113 1475 sed

101 1504 132 1560 in
160 1503 240 1561 Uet
263 1503 341 1579 Lips.
365 1507 396 1562 et
422 1505 500 1563 Mon.
522 1508 585 1564 104
612 1506 775 1579 invenitur3
803 1506 839 1563 de
867 1505 950 1563 cuius
977 1504 1110 1563 familiae

101 1592 313 1650 necessitudine
346 1594 424 1650 inira
455 1592 620 1667 disputabo.
676 1593 809 1651 Euclidis
840 1593 920 1650 enim
951 1594 1111 1652 sectionem

101 1681 313 1739 Nicomachum
336 1679 479 1755 Alypium
506 1698 572 1738 oum
599 1701 635 1738 ex
657 1682 688 1738 M
711 1681 848 1739 Bessan'o
872 1681 1111 1741 transcribendos

100 1771 232 1826 curasset
258 1769 289 1825 in
314 1768 342 1825 U
365 1771 518 1843 essentque
542 1769 572 1826 in
599 1769 655 1827 hoc
682 1768 909 1828 codiceomnia
938 1790 1013 1846 quae
1042 1772 1111 1830 scri·

100 1874 217 1931 pseram
231 1848 283 1930 ΜΒ,
299 1856 371 1915 haec
390 1875 515 1931 quorum
533 1857 629 1915 maior
647 1876 716 1932 pars
735 1858 846 1933 scripta
865 1862 911 1917 est
928 1860 1031 1916 eodem
1050 1860 1110 1916 fere

101 1945 187 2003 modo
203 1964 237 2003 ac
251 1945 359 2004 codicis
373 1945 462 2003 verba
475 1946 677 2004 vetustissima
691 1939 732 2025 (v.
748 1964 838 2022 supra
849 1967 876 2021 p.
888 1942 1004 2027 XVIII)
1020 1949 1110 2022 paulo

101 2037 261 2108 antequam
280 2034 415 2091 Bessario
435 2035 465 2090 et
481 2034 595 2092 Rhosus
614 2036 747 2112 legerent
765 2035 909 2111 inscripta
927 2054 989 2093 esse
1009 2037 1110 2094 statui.

101 2122 273 2180 concludere
302 2125 400 2179 autem
429 2122 502 2179 satis
529 2123 624 2180 multa
650 2125 734 2198 potes
758 2128 788 2180 et
811 2144 846 2181 ex
868 2125 905 2181 iis
929 2143 1004 2198 quae
1029 2125 1059 2181 in
1084 2125 1109 2182 U

101 2229 159 2268 non
187 2211 333 2287 leguntur.
379 2214 414 2268 ut
440 2211 471 2268 in
499 2229 602 2268 rasura
630 2232 656 2286 p.
684 2214 794 2283 1521
824 2213 896 2269 olim
919 2213 950 2269 M
973 2213 1109 2270 habuisse

101 2318 237 2356 numeros
265 2317 281 2370 ς
306 2301 335 2373 ιβ
359 2300 394 2357 κδ
422 2299 554 2358 videmus
582 2321 616 2357 ex
646 2300 714 2357 Vat.
740 2294 780 2380 (v.
805 2301 843 2357 ad
865 2303 936 2373 151,
956 2296 995 2377 3).
1043 2299 1110 2359 crim

102 2406 170 2445 vero
194 2387 293 2445 absint
315 2408 350 2445 ex
376 2387 417 2462 U,
446 2405 531 2445 erasa
558 2407 619 2446 esse
643 2394 781 2463 apparet,
810 2391 969 2464 antequam
995 2386 1110 2447 Rhosos

101 2476 330 2534 transscriberet.
384 2476 456 2549 alia,
485 2495 559 2551 quae
587 2497 664 2535 nunc
692 2481 810 2535 exstant
836 2478 868 2534 in
895 2478 980 2536 Met
1003 2479 1112 2536 absunt

101 2583 136 2619 ex
163 2564 203 2637 U,
231 2563 332 2621 notavi
360 2555 411 2621 M⁵,
462 2567 550 2639 atque
579 2566 632 2622 illa
660 2569 758 2623 aetate
788 2559 913 2644 (saeculi
941 2566 996 2624 XV
1024 2571 1109 2640 parte

100 2652 197 2726 priore
216 2652 263 2709 vel
282 2652 387 2726 media,
406 2656 566 2727 antequam
582 2654 697 2712 Rhosus
717 2648 882 2733 accederet)
902 2655 1002 2730 plures
1021 2656 1110 2712 libra-

100 2741 160 2797 rios
187 2741 242 2798 hoc
264 2740 295 2798 M
322 2741 463 2800 mutando
487 2746 645 2817 occupatos
668 2744 758 2801 fuisse
781 2744 927 2801 existimo.
963 2748 1110 2802 correctas

101 2829 179 2886 enim
211 2848 229 2886 a
258 2829 390 2904 pluribus
418 2831 503 2889 video
531 2851 589 2889 non
618 2832 749 2890 Euclidis
777 2834 908 2905 tantum,
941 2833 991 2889 sed
1022 2833 1109 2889 Nico-

100 2918 197 2976 machi
225 2918 316 2976 etiam
343 2923 374 2976 et
400 2919 520 2977 Bacchii
548 2919 704 2977 doctrinas
756 2921 786 2978 in
814 2920 995 2978 Nicomacho
1024 2938 1109 2995 prae-

101 3007 184 3082 cipue
209 3007 338 3065 diversos
361 3026 422 3065 esse
446 3008 660 3066 correctionum
682 3009 795 3067 colores
818 3008 975 3083 variasque
994 3008 1109 3066 littero-

100 3115 166 3153 rum
190 3096 300 3153 formas
318 3099 455 3171 apparet3
478 3115 547 3154 nam
565 3099 596 3154 et
614 3100 684 3154 sunt
701 3097 758 3154 loci
778 3097 870 3154 livido
890 3096 991 3171 aliquo
1010 3099 1108 3155 colore

101 3386 244 3441 codicibus
263 3387 353 3467 Pappi
371 3388 425 3456 (B).
450 3392 525 3442 recte
544 3388 631 3458 igitur
644 3389 798 3456 Marquard
811 3388 876 3443 XIII
890 3405 924 3442 ex
943 3388 1008 3443 aliis
1028 3390 1108 3444 libris

100 3456 152 3511 illa
170 3457 269 3511 addita
288 3463 336 3512 art.
