2466 3870
320 347 336 367 ·“
454 382 458 388 .
525 319 745 420 (ss-rerum
767 373 797 385 -·
819 325 907 414 N'aap.
972 313 987 382 ‚⁵
1181 325 1229 396 'LI

208 503 374 566 Ptolemaei
401 511 434 568 et
455 510 603 586 Porphyri
626 508 763 568 doctrina
786 509 825 567 ad
849 510 973 569 eundem
998 510 1086 570 finem
1110 508 1227 567 ducitur

208 598 298 670 atque
320 596 353 655 in
376 597 448 658 Van.
529 596 672 656 Aristidis
696 596 782 673 signa
805 598 919 656 musica
942 600 1054 674 optime
1079 600 1156 657 inter
1179 615 1228 655 eos

208 683 380 761 concinunt,
408 686 522 746 omittit
547 687 673 758 uterque
697 683 771 742 duas
795 688 882 742 notas
907 696 939 744 ul
964 690 996 743 et
1019 685 1043 744 Ε
1066 688 1097 745 in
1121 685 1228 745 ultima

208 772 286 832 linea
298 773 493 850 expositionis
507 772 668 830 secundum
683 776 787 832 tonum
801 792 828 848 p.
842 775 891 847 27,
901 784 917 831 9
928 771 966 830 M.
999 773 1090 832 etiam
1105 774 1225 834 Bacchii

210 861 390 942 isagogene
412 860 448 934 V,
472 879 525 919 nec
549 864 649 919 tamen
673 861 786 920 allon.
807 861 925 920 videtur
944 860 1085 937 petivisse
1104 854 1225 940 (Bacch.

209 950 329 1028 Argent-
350 942 422 1028 31),
457 947 552 1007 filium
580 949 674 1026 igitur
697 949 805 1007 Veneti
833 950 921 1009 dicas.
969 950 1075 1009 sedin
1103 949 1226 1025 hymno-

209 1058 270 1095 rum
302 1037 413 1111 lorma,
446 1056 535 1113 quam
568 1036 791 1112 exprimendam
824 1039 941 1095 curavit
971 1038 1164 1098 Bellermann
1195 1039 1225 1096 in

208 1125 264 1183 tab.
284 1124 336 1200 Iv,
359 1125 385 1184 is
408 1128 455 1185 ast
477 1145 614 1184 versuum
639 1125 721 1200 ordo,
748 1119 830 1206 (cum
853 1125 941 1185 modo
965 1144 1041 1184 nnus
1060 1127 1147 1186 modo
1167 1130 1226 1185 tres

209 1232 306 1273 uersus
333 1215 526 1289 omittantur,
547 1232 608 1272 ‘nec
635 1231 727 1273 causa
753 1213 841 1272 huius
870 1213 1076 1290 dispositionis
1103 1234 1138 1273 ex
1161 1216 1225 1291 ipso

209 1301 297 1378 Neap.
316 1304 520 1382 intellegatur,
539 1302 659 1361 facilius
676 1322 712 1361 ex
726 1303 889 1378 archetypo
904 1302 1033 1377 quodam
1047 1296 1224 1382 repetatur)

208 1395 255 1450 ut
272 1392 472 1452 intercessisse
505 1394 608 1466 putem
640 1390 749 1449 librum
781 1390 912 1466 aliquem
942 1391 1021 1449 inter
1057 1392 1085 1447 V
1117 1393 1149 1450 et
1179 1391 1214 1448 N.

208 1471 323 1559 (Bacch.
356 1480 394 1539 ib.
428 1484 459 1538 et
489 1478 676 1538 Jahrbttchcr
705 1481 804 1553 1890,
833 1471 919 1559 686).
972 1479 1067 1538 filium
1099 1481 1214 1557 repperi

207 1566 342 1629 llntinaei
388 1569 504 1644 inspexi
529 1569 622 1628 1891.
648 1599 690 1608 -
715 1566 820 1643 Oyrilli
838 1567 939 1626 catll
957 1587 985 1643 p.
1002 1569 1074 1628 339.
1105 1568 1216 1628 Beller-

208 1675 292 1716 mum
315 1658 348 1716 in
370 1657 466 1717 Anon
484 1659 510 1714 1.
535 1654 648 1731 Hymni
675 1658 723 1716 18.
771 1655 1072 1716 Studemund-Amsel
1097 1658 1168 1716 154.

269 1745 363 1821 Neap.
382 1744 428 1803 111
451 1743 475 1804 O
495 1747 513 1802 2
537 1744 625 1825 (olim
650 1737 737 1825 260).
768 1744 812 1803 ch.
842 1736 883 1803 4⁰.
918 1743 945 1802 S.
966 1744 1028 1802 XV.
1062 1746 1094 1803 in
1121 1745 1218 1821 priore

208 1836 288 1908 parte
311 1833 414 1893 insunt
435 1833 635 1910 Hippocrates
654 1833 691 1890 de
709 1832 812 1907 urinis,
831 1831 1024 1908 Gaudentius,
1048 1833 1129 1893 Theo
1153 1853 1217 1893 cum

208 1920 299 1997 Puppi
317 1923 452 2001 isagoga,
466 1920 605 1996 Ariston,
625 1925 764 1997 excerpta
777 1921 881 1997 Neap,
900 1922 1017 1997 cpticae
1033 1922 1220 1999 hypotheses,

209 2009 342 2070 Damiani
370 2011 478 2087 optica
525 2009 555 2068 in
583 2010 680 2068 altera
708 2012 807 2086 parte,
827 2029 910 2085 quae
938 2010 1083 2070 arundme
1106 2012 1217 2087 optime

208 2105 324 2158 exarata
342 2103 397 2175 est,
415 2099 506 2158 habes
525 2097 706 2173 Cleonidem,
726 2098 889 2173 Euclidem,
908 2098 1061 2158 Barlaami
1080 2100 1219 2177 logistica

208 2191 235 2246 et
256 2188 444 2248 arithmetica
467 2190 499 2246 et
520 2186 556 2245 de
579 2187 652 2246 solis
675 2187 785 2262 eclipsi.

268 2274 448 2337 Gaudenti
476 2279 631 2335 contextus
659 2276 754 2335 tribus
777 2275 1003 2354 diagrammatis
1027 2279 1150 2336 ornatus
1173 2281 1219 2335 est

207 2356 300 2444 (utin
318 2365 407 2425 Barb.
427 2368 459 2424 et
475 2364 582 2423 Hamb.
603 2384 630 2422 n.
647 2356 706 2445 36)
724 2383 778 2423 nec
796 2368 896 2423 tamen
910 2366 1007 2424 verbis
1022 2365 1109 2442 longe
1124 2365 1218 2424 distat

206 2454 309 2513 uvat.
338 2455 386 2513 vel
409 2453 482 2512 Ven.
529 2453 684 2512 Theonis
712 2452 925 2528 expositionem
954 2453 1045 2512 codex
1069 2454 1216 2529 incipite

206 2543 312 2602 manca
330 2536 374 2624 (p.
394 2546 435 2602 46
456 2535 508 2623 H.)
534 2545 565 2600 et
587 2541 707 2600 exhibet
728 2559 822 2616 nsque
845 2541 883 2598 ad
906 2559 929 2599 c.
952 2544 991 2599 12
1015 2537 1141 2613 ἀνέσεως
1160 2550 1212 2601 τοῦ

205 2630 365 2709 πνεύματος
387 2622 431 2711 (p.
452 2633 507 2705 57,
521 2623 561 2710 6).
607 2630 676 2689 hinc
700 2629 834 2705 sequitur
857 2629 1001 2705 inscripta
1022 2626 1055 2689 ἐκ
1078 2638 1137 2690 τῶν
1159 2639 1212 2690 τοῦ

206 2721 353 2786 Πάππου
370 2719 512 2798 isagogae
527 2718 688 2778 Enclideae
702 2737 739 2776 ea
751 2719 857 2792 forma,
875 2736 964 2794 quam
980 2717 1100 2777 Cramer
1119 2719 1213 2778 edidit

204 2809 352 2869 inAnecd.
367 2808 434 2868 Par.
450 2808 465 2866 I
480 2812 530 2867 47.
555 2801 666 2887 (socios
680 2808 833 2866 numeravi
852 2808 899 2865 12.
916 2809 966 2866 96.
983 2810 1033 2865 42.
1052 2808 1121 2866 118.
1142 2809 1212 2867 151.

206 2900 271 2958 159.
289 2899 360 2959 173.
379 2890 466 2977 187.)
502 2897 557 2955 hae
577 2900 679 2954 autem
698 2896 840 2955 lectiones
863 2914 928 2954 cum
947 2896 1008 2954 fere
1028 2895 1164 2955 omnibus
1182 2897 1213 2954 in

204 2985 282 3046 libris
304 2987 496 3061 concordent,
523 2985 650 3060 Neapoli
679 2987 800 3045 enotare
829 2985 986 3060 supersedi.
1010 3017 1051 3025 —
1071 2985 1105 3042 In
1133 2986 1213 3043 Ari-

203 3075 338 3135 stoxeni
357 3074 456 3134 titulis
477 3074 608 3134 concinit
632 3093 699 3133 cum
718 3073 870 3132 Marciano
889 3073 979 3132 Ι913.
1021 3074 1112 3132 habet
1134 3074 1212 3132 enim

201 3156 238 3223 Ἀ.
259 3161 315 3242 πρὸ
337 3171 396 3224 τῶν
423 3160 510 3243 rippa
536 3161 694 3241 στοιχείων.
742 3154 784 3221 'A.
811 3159 897 3242 ἆρμκ.
926 3162 1075 3241 στοιχείων
1102 3165 1142 3239 Β,
1171 3156 1212 3221 ’A.

203 3252 346 3331 στοιχείων
362 3249 448 3333 rippa
471 3253 501 3310 Γ
519 3244 592 3331 (llq.
614 3242 702 3331 360).
743 3251 775 3308 in
797 3249 855 3309 fine
874 3254 973 3310 autem
991 3251 1082 3311 habet
1100 3252 1211 3327 addita,

203 3360 274 3417 quae
292 3341 383 3401 tertia
399 3359 505 3399 manus
523 3341 554 3398 in
573 3340 611 3398 M.
632 3339 798 3415 adscripsit
831 3339 991 3415 llarquard
1011 3359 1076 3399 cum
1096 3344 1210 3415 partem

203 3430 330 3506 aliquam
361 3432 575 3506 comparasset,
612 3429 739 3487 similem
776 3447 838 3486 esse
875 3429 968 3487 codici
1007 3429 1211 3503 Riccardiano,

203 3519 370 3579 mendorum
397 3522 496 3576 autem
524 3518 622 3576 minus
645 3518 740 3576 inesse
764 3517 847 3575 vidit.
865 3549 907 3558 —-
927 3517 1097 3593 Sequuntur
1120 3518 1210 3576 Hro-

202 3607 344 3686 lrpoetou
361 3606 497 3685 μουσικά,
516 3625 592 3684 qnae
611 3606 810 3682 imprimenda
827 3606 928 3666 curavi
947 3605 1001 3664 sub
1020 3626 1047 3665 n.
1067 3605 1116 3665 IX.
1150 3623 1209 3680 qua

202 3697 341 3772 impende
368 3695 485 3774 plenior
510 3696 560 3757 hic
586 3699 633 3754 est
661 3713 759 3771 quam·
778 3693 845 3754 Par.
867 3694 963 3771 suppl.
984 3697 1047 3754 449
1072 3695 1107 3752 in·
1127 3693 1146 3769 ξ
1169 3697 1207 3754 18

161 3798 164 3803 ’
961 3793 998 3845 d‘
