2466 3870
105 123 184 206 ὀε
322 120 363 173 ·.
466 122 486 178 1.
505 106 680 199 οειιοιοα.
707 122 738 176 ο.
759 127 811 176 22:
855 120 915 199 j·
1033 81 1044 104 ⁵
1124 97 1133 103 ’

93 293 119 360 5)
133 286 234 362 τέλος.
284 282 354 348 ἀλλ’
383 288 462 355 ἴσως
488 281 531 343 άν
559 279 684 356 δόξειεν
710 280 731 362 ἡ
759 292 826 345 τῶν
853 284 983 348 παίδων
1011 285 1142 367 σπουδὴ

131 392 265 463 παιδιᾶς
301 383 385 450 εἶναι
423 382 521 468 χάριν
555 382 696 468 ἀνδράσι
729 384 921 468 γενομένοις
952 387 1007 452 καὶ
1039 395 1142 454 τελει-

132 502 280 560 ωθεῖσιν.
320 487 389 554 ἀλλ’
418 491 449 553 εί
469 485 556 552 τοῦτ’
586 486 655 552 ἐστὶ
678 497 842 571 τοιοῦτον,
865 494 957 567 τίνος
979 493 1022 557 δν
1043 492 1142 559 ἕνεκα

132 590 202 662 δέοι
221 603 407 679 μανθάνειν
425 594 559 677 αὐτούς,
581 592 664 659 ἀλλὰ
682 595 726 679 μὴ
744 593 895 679 καθάπερ
916 596 953 661 οἱ
967 607 1035 660 τῶν
1054 602 1142 680 Περ-

133 714 201 767 σῶν
219 699 273 765 καὶ
289 702 418 783 Μήδων
436 702 594 784 βασιλεῖς,
613 702 726 766 ἄλλων
744 702 824 767 αὐτὸ
841 702 1032 767 ποιούντων
1046 726 1143 786 μετα·
1171 732 1185 770 ⁵

133 805 313 891 λαμβάνειν
331 817 388 890 τῆς
405 807 528 892 ἡδονῆς
545 806 671 892 καὶτῆς
685 810 874 894 μαθησεωςς
893 807 948 873 καὶ
963 810 1026 893 γὰρ
1041 808 1143 890 ἀναγ-

132 925 227 977 καῖον
255 912 385 995 βέλτιον
413 913 654 999 ἀπεργάζεσθαι
677 919 756 992 τοὺς
778 916 859 982 αὐτὸ
882 925 983 981 τοῦτο
1006 937 1143 998 πεποιη-

132 1019 253 1104 μένους
267 1023 365 1105 ἔργον
379 1019 433 1086 καλ
447 1020 565 1106 τέχνην
579 1033 647 1087 τῶν
660 1030 821 1087 τοσοῦτον
831 1024 956 1107 χρόνον
969 1020 1143 1106 ἐπιμελου-

133 1125 242 1210 μένων
262 1128 342 1193 ύσον
359 1128 442 1212 πρὸς
459 1125 608 1213 μάθησιν
625 1129 739 1212 μόνον.
776 1129 807 1191 εί
824 1123 861 1192 δέ
880 1128 935 1193 δεῖ
950 1128 1143 1192 τὰτοιαῦτα

134 1234 305 1299 διαπονεῖν
324 1233 455 1316 αύτούς,
473 1231 528 1297 καὶ
546 1231 621 1318 περὶ
640 1233 700 1315 τὴν
719 1243 786 1297 τῶν
805 1233 899 1310 δύων
917 1236 1144 1317 πραγματείαν
1159 1263 1186 1301 ιο

93 1349 118 1414 5)
134 1340 255 1416 αὐτούς
282 1338 325 1405 όν
351 1337 421 1405 δέοι
449 1336 718 1424 παρασκευάζειν·
745 1337 815 1403 ἀλλ’
843 1338 979 1402 άτοπον.
1024 1338 1087 1418 τὴν
1110 1336 1140 1401 δ’

134 1445 237 1528 αὐτην
268 1443 411 1531 άπορίαν
442 1447 507 1528 ἔχει
539 1442 594 1509 καὶ
627 1447 658 1509 εί
687 1444 828 1509 δύναται
860 1442 900 1507 τά
927 1442 996 1524 ἤθη
1024 1443 1144 1525 βελτίω

134 1562 254 1615 ποιεῖν·
291 1560 394 1615 ταῦτα
430 1550 492 1632 γάρ
530 1551 565 1613 τί
594 1550 648 1613 δεῖ
675 1547 861 1632 μανθάνειν
893 1547 1031 1630 αὐτούς,
1068 1546 1140 1612 ἀλλ’

134 1655 178 1740 [p.
204 1653 318 1739 1339b]
346 1656 406 1738 οὐχ
438 1652 559 1737 ἑτέρων
589 1652 771 1730 ἀκούοντας
804 1653 916 1738 ὀρθῶς
948 1677 984 1718 τε
1014 1656 1144 1738 χαίρειν

133 1760 188 1826 καὶ
212 1762 380 1825 δύνασθαι
402 1763 543 1844 κρίνειν;
567 1759 675 1844 ὥσπερ
695 1760 731 1824 οί
747 1757 914 1836 Λάκωνες·
941 1758 1060 1825 ἐκεῖνοι
1080 1762 1143 1844 γὰρ
1160 1790 1185 1829 ιτ

135 1867 175 1931 ού
207 1865 433 1950 μανθάνοντες
465 1865 552 1950 ὅμως
584 1867 744 1931 δύνανται
776 1869 904 1950 κρίνειν
936 1866 1062 1950 ὀρθῶς,
1100 1868 1145 1943 ὡς

136 1975 228 2057 φασί,
250 1973 290 2036 τὰ
313 1973 435 2056 χρηστά
459 1970 512 2036 καὶ
537 1973 577 2036 τὰ
599 1974 643 2057 μὴ
666 1974 791 2057 χρηστὰ
813 1984 880 2037 τῶν
903 1978 1022 2056 μελῶν.
1067 1970 1085 2035 ό
1110 1970 1138 2035 δ’

135 2079 233 2154 αὐτὸς
252 2083 349 2160 λόγος
366 2079 429 2143 κάν
448 2081 478 2142 εί
494 2080 575 2162 πρὸς
595 2079 771 2163 εὐημερίαν
790 2076 843 2142 καὶ
864 2078 1033 2160 διαγωγὴν
1053 2076 1142 2141 ἕλευ-

134 2184 253 2270 θέριον
276 2182 434 2268 χρηστέον
458 2184 552 2268 αὐτῇ·
575 2189 611 2248 τί
632 2186 684 2249 δεῖ
704 2183 890 2269 μανθάνειν
912 2183 1043 2265 αὐτούς,
1067 2181 1141 2247 ἀλλ’

95 2292 195 2376 ῖ)ούχ
228 2289 348 2377 ἑτέρων
378 2288 555 2376 χρωμένων
584 2290 778 2370 ἀπολαύειν;
810 2302 946 2355 σκοπεῖν
975 2287 1006 2353 δ’
1040 2288 1143 2366 ἔξεστι
1159 2319 1186 2357 ιο

134 2399 195 2480 τὴν
226 2398 393 2480 ὑπόληψιν
425 2398 466 2479 ἣν
495 2400 610 2482 ἔχομεν
637 2397 711 2482 περὶ
739 2409 805 2461 τῶν
832 2404 937 2461 θεῶν·
966 2396 1005 2460 ού
1034 2396 1097 2478 γὰρ
1127 2395 1144 2458 ό

138 2506 221 2578 Ζεὺς
243 2504 342 2578 αὐτὸς
366 2501 436 2590 ᾅδει
458 2502 513 2567 καὶ
534 2507 696 2586 κιθαρίζει
715 2516 784 2578 τοῖς
803 2514 965 2585 ποιηταῖς,
988 2501 1145 2565 ἀλλὰκαὶ

135 2610 325 2692 βαναύσους
352 2615 516 2693 καλοῦμεν
544 2612 622 2685 τοὺς
648 2610 821 2684 τοιούτους
848 2606 904 2672 καὶ
928 2608 964 2671 τὸ
989 2606 1145 2688 πράττειν

136 2716 195 2780 οὐκ
219 2714 340 2798 ἀνδρὸς
362 2716 406 2799 μὴ
430 2717 616 2798 μεθύοντος
639 2715 658 2798 ἢ
681 2719 860 2794 παίζοντος,

93 2829 129 2897 ιι)
197 2820 278 2886 Ἀλλ’
295 2827 372 2897 ίσως
386 2820 460 2905 περὶ
474 2818 534 2905 μὲν
549 2823 676 2886 τούτων
690 2822 830 2907 ὕστερον
842 2819 1062 2902 ἐπισκεπτέον,
1077 2819 1144 2903 ἡδὲ
1160 2849 1186 2888 25

136 2928 246 3010 πρώτη
266 2929 394 3010 ζήτησίς
413 2927 491 3011 ἐστι,
511 2932 650 3013 πότερον
668 2929 708 2992 ού
721 2927 839 2992 θετέον
854 2931 901 3002 είς
915 2928 1069 2991 παιδείαν
1083 2930 1144 3010 τὴν

135 3034 298 3118 μουσικὴν
317 3033 337 3117 ἢ
354 3032 483 3118 θετέον,
501 3033 556 3098 καὶ
574 3038 609 3098 τί
625 3036 763 3099 δύναται
783 3044 850 3097 τῶν
869 3032 1145 3117 διαπορηθέντων

136 3151 248 3224 τριῶν,
262 3143 401 3223 πότερον
416 3143 568 3205 παιδείαν
582 3140 603 3224 ἣ
617 3142 753 3204 παιδιὰν
767 3139 977 3222 ἢδιαγωγήν.
1001 3140 1146 3221 εὐλόγως

137 3245 165 3310 δ’
194 3249 240 3322 είς
263 3245 368 3311 πάντα
388 3245 533 3311 τάττεται
552 3245 606 3312 καὶ
626 3250 777 3330 φαίνεται
796 3245 951 3330 μετέχειν.
989 3246 1009 3327 η
1028 3270 1062 3310 τε
1081 3247 1143 3329 γὰρ

137 3353 296 3417 παιδιὰ
324 3353 420 3436 χάριν
448 3353 662 3428 ἀναπαύσεώς
690 3352 773 3432 ἐστι,
805 3352 864 3434 τὴν
893 3349 921 3414 δ’
955 3348 1186 3419 άνάπαυσινεο

138 3458 318 3542 ἀναγκαῖον
337 3458 452 3542 ἡδεῖαν
471 3455 555 3524 εἶναι
575 3457 646 3543 (τῆς
664 3459 726 3542 γὰρ
746 3459 802 3520 διὰ
820 3467 887 3520 τῶν
906 3459 1020 3520 πόνων
1040 3459 1144 3540 λύπης
