2466 3870
855 65 1040 118 Problemata.

445 223 621 304 poliantur,
641 245 802 307 nunqruun
827 228 921 312 longo
945 228 985 289 ab
1010 225 1096 289 illius
1114 229 1163 289 rat

445 328 570 391 recedit.
622 331 771 393 omnibus
798 331 878 395 locis
910 330 997 394 vides
1029 329 1170 393 sobriam

443 434 588 521 patetici,
615 436 672 520 qui
700 456 804 499 rerum
832 440 981 499 naturam
1009 439 1042 499 et
1070 456 1178 499 causas

444 543 589 630 vestiget.
633 544 726 605 tanta
748 541 918 605 intercedit
940 542 1016 606 huic
1039 542 1162 605 auctori

444 649 628 731 necessitas,
658 649 697 709 ut
723 666 816 729 saepe
844 647 955 712 iisdem
983 648 1149 711 vocabulis
1175 670 1193 710 u

445 754 481 819 de
507 773 681 837 puerorum
708 752 949 837 spadonumque
972 774 1049 818 voce
1077 752 1151 817 exili
1160 752 1179 836 ¹,

445 856 713 943 pubescentium¹‚
745 857 783 921 de
814 859 992 923 haesitante
1024 859 1135 946 lingua
1162 859 1209 922 bar

445 963 651 1049 quamobrem
688 964 730 1028 ab
762 965 832 1050 ipsp
860 964 1035 1030 Aristotele
1067 965 1146 1028 haec
1176 986 1216 1028 ser

445 1070 641 1155 Porphyrius
680 1090 740 1135 nec
776 1070 925 1136 dissensit
960 1070 1222 1156 Treadelenburg

445 1200 472 1261 p.
494 1176 588 1265 107),
622 1176 707 1241 Rosc
738 1180 845 1242 autern
877 1178 916 1241 de
945 1177 983 1242 A.
1011 1178 1168 1242 librorum
1200 1197 1231 1239 or

446 1288 608 1349 auctorem
640 1282 727 1347 hunc
758 1304 826 1348 esse
851 1288 957 1370 negat.
1007 1283 1093 1368 quod
1120 1284 1205 1347 enim

447 1391 553 1474 potius
579 1390 624 1453 sit
647 1410 743 1473 quam
765 1389 993 1476 psychologica
1015 1388 1204 1474 disputatio,

446 1498 487 1561 sit
503 1494 728 1581 explicationis
745 1495 923 1579 amplitudo
942 1496 1104 1579 nimiaque
1125 1495 1159 1558 in
1176 1494 1201 1558 ε’
1213 1524 1233 1570 ιῚ

446 1602 498 1667 tiis
510 1598 689 1667 formandis
701 1600 921 1686 aequabilitas,
939 1600 1085 1666 libellum
1099 1599 1153 1664 ille
1166 1621 1209 1683 pu
1232 1631 1233 1653 2

446 1710 575 1773 auctore
592 1705 825 1793 categoriarum
839 1710 873 1772 et
886 1706 1152 1794 physiognomici,
1170 1709 1205 1770 at
1229 1735 1232 1761 =

447 1834 512 1879 ω
537 1811 687 1877 alienum.
731 1812 933 1877 sufficiantne
957 1814 1035 1878 haec
1057 1833 1211 1899 argumen

448 1918 575 1985 omnino
593 1940 614 1983 a
631 1916 788 2005 Stagirita
805 1920 1024 2005 separandum,
1043 1918 1136 1983 facile
1155 1918 1226 2003 quis

447 2024 498 2091 scd
524 2026 561 2091 in
586 2028 702 2090 natura
728 2046 880 2091 sonorum
908 2026 1114 2091 describenda
1145 2030 1217 2089 tant

447 2132 523 2197 mihi
545 2130 673 2197 videtur
690 2132 775 2194 inter
792 2153 864 2196 eum
883 2136 917 2196 et
935 2137 1097 2198 auctorem
1116 2130 1191 2215 περὶ
1215 2166 1220 2185 ι

447 2238 590 2303 libellum
603 2236 889 2321 Peripatecioonm
905 2239 1043 2303 antistiti
1057 2237 1217 2302 vindicare

447 2344 497 2410 hic
523 2343 651 2430 quidem
679 2341 733 2431 (de
760 2345 866 2409 anima
889 2343 921 2409 11
944 2343 980 2433 8)
1012 2345 1111 2409 ictum
1140 2342 1190 2408 vel
1225 2372 1231 2400 ι

448 2450 523 2516 dicit
540 2472 609 2515 esse
625 2470 749 2533 sonum,
763 2450 864 2515 multa
878 2451 967 2516 addit
985 2451 1023 2515 de
1038 2455 1152 2515 natura
1166 2471 1203 2513 co
1229 2480 1233 2530 2

447 2557 540 2641 pandi
563 2558 611 2621 sit
631 2578 745 2621 sonum
769 2578 826 2640 per
848 2580 953 2622 acrem
976 2562 1023 2641 et,
1050 2558 1077 2621 si
1100 2577 1232 2620 consere

448 2663 609 2728 scindatur
625 2662 676 2727 vel
696 2663 853 2749 reiciatur,
871 2665 1036 2749 pervenire
1054 2663 1094 2727 ad
1113 2662 1233 2727 auditu

447 2768 504 2855 lat,
530 2772 568 2833 ut
589 2789 671 2833 unus
701 2770 935 2855 continuusque
957 2772 1000 2835 sit
1022 2791 1089 2853 aer,
1116 2770 1153 2834 τὸ
1182 2793 1214 2833 κι

517 3056 530 3103 1
549 3048 634 3104 Pueri
651 3050 767 3103 utuntur
784 3066 852 3104 voce
869 3051 962 3119 tenui,
980 3050 1056 3120 quod
1075 3066 1131 3105 non
1149 3049 1220 3103 mult

447 3123 511 3175 tant
526 3118 633 3175 odom!
669 3119 812 3189 generatio
830 3136 874 3176 an.
894 3120 920 3174 V
935 3127 959 3190 7,
974 3127 998 3178 4.
1014 3128 1037 3177 6.

515 3198 590 3255 2OE
617 3202 755 3270 τραγίζειν
786 3218 812 3269 p.
841 3202 938 3255 804·¹²
965 3204 994 3256 et
1024 3201 1053 3255 in
1082 3200 1199 3255 historia
1232 3240 1233 3245 =

447 3286 537 3341 gener.
555 3270 621 3339 Vt,
635 3275 661 3327 ⁹.

508 3352 686 3479 figendus,
707 3348 805 3419 φελλοὶ
826 3369 852 3408 r.
876 3371 902 3422 p.
922 3352 1014 3408 801⁶&
1047 3352 1112 3407 hist.
1135 3368 1179 3407 an.
1199 3351 1209 3403 1

446 3436 490 3478 ΙΙΙ.
583 3462 591 3477 .
