2466 3870
572 119 576 122 ·
591 120 613 127 ···
640 120 916 139 ··—·——-----··-

319 328 324 335 '
370 362 373 367 ·
501 332 712 391 nomisma,
744 336 1106 418 (derepubl.Vl116.7.)
1139 328 1144 335 ’

293 496 363 565 ἐπεὶ
395 493 433 562 δὲ
464 507 532 565 τῶν
558 520 594 565 τε
620 482 775 585 ὀργάνων
801 498 856 565 καὶ
882 508 941 581 τῆς
968 498 1121 583 ἐργασίας
1147 496 1207 564 άπ
1221 510 1233 553 ι’

294 604 437 688 μάζομεν
462 604 524 687 τὴν
549 607 702 691 τεχνικὴν
729 604 898 685 παιδείαν,
926 605 1078 686 τεχνικὴν
1106 599 1143 669 δέ
1167 607 1228 669 τίθ

294 710 356 791 τὴν
382 712 464 794 πρὸς
490 716 569 788 τοὺς
596 711 740 793 ἀγῶνας·
768 707 806 773 ἐν
832 709 935 794 ταύτη
959 710 1021 792 γάρ
1045 709 1063 773 δ
1087 708 1204 792 πράττ

294 825 352 899 τῆς
373 816 478 885 αὑτοῦ
501 817 753 902 μεταχειρίζεται
776 815 875 900 χάριν
897 813 1028 899 ἀρετῆς,
1051 814 1134 879 ἀλλά
1158 823 1215 896 τῆς

268 923 487 991 ὅάιιουύντυν
513 919 650 1003 ἡδονῆς,
678 919 734 984 καὶ
761 921 882 1003 ταύτης
909 929 1076 1004 φορτικῆς.
1123 921 1231 986 διόπε

293 1044 361 1099 τῶν
396 1026 584 1111 ἐλευθέρων
616 1031 774 1113 κρίνομεν
806 1021 892 1091 εἶναι
924 1027 985 1110 τὴν
1016 1025 1189 1111 ἐργασίαν,
1227 1062 1232 1080 ›

292 1132 528 1222 θητικωτέραν.
572 1132 627 1199 καί
654 1134 845 1217 βαναύσους
872 1133 914 1215 δὴ
938 1135 1111 1216 συμβαίνει
1135 1137 1230 1215 γίνεσ

293 1242 437 1328 πονηρὸς
468 1241 531 1325 γδρ
561 1239 580 1305 δ
608 1240 730 1316 σκοπὸς
757 1239 839 1323 πρὸς
867 1238 907 1304 ὃν
934 1249 1109 1304 ποιοῦνται
1136 1240 1173 1305 τὸ
1201 1263 1233 1304 t:

293 1349 312 1415 δ
343 1349 406 1433 γάρ
438 1348 561 1431 θεατὴς
592 1347 750 1430 φορτικὸς
782 1344 831 1411 (δν
862 1344 1078 1430 μεταβάλλειν
1109 1350 1210 1411 είωθε

257 1458 281 1498 ¹⁰
293 1456 472 1539 μουσικήν,
502 1454 586 1520 ὥστε
617 1451 672 1518 καί
705 1455 785 1529 τοὺς
811 1455 959 1536 τεχνίτας
986 1455 1064 1528 τοὺς
1090 1453 1173 1535 πρὸς
1206 1486 1211 1505 .

292 1565 495 1646 μελετῶντας
522 1559 644 1636 αύτούς
671 1582 706 1624 τε
728 1560 847 1634 ποιούς
873 1582 965 1635 τινας
987 1569 1077 1623 ποιεῑ
1097 1557 1152 1622 καί
1175 1560 1216 1624 τὰ

292 1692 378 1752 ματα
400 1668 456 1732 διδ
478 1665 537 1743 τὰς
558 1665 713 1748 κινήσεις.

360 1770 529 1839 Σκεπτέον
556 1770 586 1835 δ’
619 1773 666 1836 ἔτι
693 1775 772 1857 περί
796 1793 830 1835 τε
853 1771 911 1846 τὰς
933 1769 1123 1854 ἁρμονίας
1145 1768 1201 1835 καὶ

294 1879 489 1963 ῥυθμούς,
506 1876 561 1942 καὶ
579 1879 662 1961 πρὸς
680 1878 834 1942 παιδείαν
852 1879 992 1960 πότερον
1008 1875 1128 1953 πάσαις
1141 1894 1226 1962 χρησ

257 1986 364 2061 15ταῖς
395 1984 568 2070 ἁρμονίαις
598 1982 654 2049 καί
683 1996 764 2049 πᾶσι
791 1995 860 2060 τοῖς
888 1982 1032 2067 ῥυθμοῖς
1059 1983 1079 2067 ἢ
1107 1983 1197 2068 διαιρ

293 2093 403 2155 ἔπειτα
438 2101 507 2167 τοῖς
540 2091 623 2176 πρὸς
654 2092 809 2155 παιδείαν
840 2090 1038 2156 διαπονοῦσι
1070 2092 1211 2174 πότερον

293 2196 395 2263 αύτδν
427 2197 602 2282 διορισμὸν
630 2198 781 2282 θήσομεν
808 2195 829 2279 ἣ
855 2201 969 2280 τρίτον
996 2197 1050 2262 δεῖ
1073 2197 1149 2262 τινὰ
1175 2195 1227 2261 ἕτε

293 2302 405 2387 ἐπειδὴ
430 2303 492 2386 τὴν
518 2299 578 2387 μὲν
604 2303 769 2388 μουσικὴν
796 2302 925 2388 δρῶμεν
953 2304 1008 2368 διά
1030 2306 1222 2387 μελοποιίας

293 2409 435 2494 ῥυθμῶν
457 2404 572 2493 ούσαν,
597 2412 726 2476 τούτων
749 2408 778 2474 δ’
807 2408 961 2489 ἑκάτερον
983 2410 1024 2474 οὐ
1047 2411 1101 2474 δεῖ
1123 2414 1226 2491 λεληθ

255 2515 280 2556 ²⁰
291 2518 366 2580 τίνα
384 2517 449 2599 ἔχει
467 2516 611 2600 δύναμιν
629 2517 712 2602 πρὸς
729 2515 893 2597 παιδείαν,
913 2513 968 2580 καὶ
986 2518 1128 2600 πότερον
1146 2537 1232 2597 προα

291 2618 368 2688 τίον
398 2627 525 2706 μᾶλλον
555 2623 616 2706 τὴν
646 2623 764 2707 εὐμελῆ
792 2623 955 2706 μουσικὴν
982 2621 1002 2704 ἢ
1028 2622 1089 2705 τὴν
1117 2621 1226 2704 εύρυθ

292 2730 486 2812 νομίσαντες
509 2723 571 2794 οὖν
593 2730 699 2794 πολλά
721 2733 828 2804 καλῶς
851 2727 960 2812 λέγειν
983 2725 1057 2812 περὶ
1080 2727 1210 2792 τούτων

291 2855 325 2897 τε
352 2842 417 2899 νῦν
444 2845 613 2919 μουσικῶν
640 2834 751 2911 ἐνίους
772 2834 827 2900 καὶ
850 2847 919 2900 τῶν
942 2834 978 2899 ἐκ
1001 2837 1201 2920 φιλοσοφίας
1230 2865 1233 2890 ι

292 2941 515 3024 τυγχάνουσιν
541 2940 700 3026 ἐμπείρως
724 2945 852 3024 ἔχοντες
874 2952 932 3025 τῆς
954 2941 1028 3025 περὶ
1052 2943 1112 3024 τὴν
1135 2957 1223 3025 μουσ

255 3049 278 3089 ²⁵
291 3046 454 3130 παιδείας,
486 3047 547 3130 τὴν
577 3044 640 3132 μὲν
671 3047 746 3114 καθ’
780 3047 919 3114 ἕκαστον
952 3049 1186 3133 ἀκριβολογίαν
1224 3069 1233 3102 ι’

292 3152 442 3237 δώσομεν
471 3156 577 3237 ζητεῖν
604 3166 673 3231 τοις
700 3154 916 3239 βουλομένοις
943 3153 1016 3240 παρ’
1050 3154 1200 3238 ἐκείνων,

292 3254 329 3322 δέ
346 3271 490 3343 νομικῶς
507 3261 678 3346 διέλωμεν,
696 3265 775 3338 τοὺς
793 3263 918 3338 τύπους
935 3266 1040 3346 μόνον
1059 3265 1205 3338 εἰπόντες

291 3363 410 3430 αὐτῶν.
463 3365 532 3432 ἐπεὶ
569 3363 606 3433 δέ
644 3368 704 3451 τὴν
736 3369 935 3452 διαίρεσιν
968 3368 1198 3453 ἀποδεχόμεθα

290 3475 400 3555 μελῶν
427 3473 471 3549 ὡς
495 3474 668 3560 διαιροῦσί
687 3498 775 3552 τινες
797 3487 864 3541 τῶν
888 3475 925 3540 ἐν
948 3479 1144 3561 φιλοσοφίᾳ,
1172 3478 1212 3540 τὰ

250 3586 276 3628 ⁸⁰
289 3575 391 3658 ἠθικά
417 3579 457 3643 τὰ
484 3576 521 3646 δέ
543 3581 704 3666 πρακτικὰ
730 3584 770 3647 τὰ
797 3580 826 3647 δ’
855 3582 1110 3648 ἐνθουσιαστικὰ
1137 3581 1215 3647 τιθί

289 3681 346 3748 καί
376 3695 444 3750 τῶν
475 3684 645 3772 ἁρμονιῶν
675 3688 736 3771 τὴν
769 3690 875 3772 φύσιν
906 3690 988 3775 πρὸς
1018 3687 1136 3753 ἕκαστα
1168 3690 1228 3754 το’
