2466 3870
102 119 167 183 146
221 82 241 183 s
405 117 412 125 ·
511 62 789 171 nonium?

102 278 304 361 sonantibus,
326 276 487 341 maximos
505 294 659 341 numeros
673 276 847 345 ascribunt
863 258 1019 367 previbus
1036 281 1127 347 sonis

103 392 136 452 et
159 384 318 450 maximas
341 380 468 467 stellas3
495 384 611 465 postea
633 380 799 449 oderitste
820 382 994 451 observato
1015 391 1049 453 et
1070 408 1128 473 po-

101 495 220 558 testate
243 510 316 554 cum
334 486 491 575 gravibus
508 486 599 553 sonis
617 488 821 577 coniungtmt
837 511 957 575 parvos
973 514 1128 561 numeros

102 604 135 663 et
157 595 269 661 stellas
291 594 379 661 lente
402 592 557 681 tardeque
578 598 694 661 motas.

168 701 310 767 Tandem
330 701 472 767 redimus
490 700 532 767 ad
549 700 728 769 Euclidem.
765 722 804 771 ee
820 702 1033 791 symphonias
1051 724 1127 771 cum

101 810 221 877 mixtus
244 807 298 873 hic
320 807 407 874 dicat
424 828 443 875 e
459 809 617 897 gravibm
634 812 669 877 ct
685 810 792 877 scutis
809 810 910 899 sonis,
931 810 967 878 in
983 812 1126 878 mantem

100 915 197 982 nobis
216 915 305 979 venit
322 912 496 1003 Archytae,
518 920 553 983 et
574 916 615 983 de
635 916 811 1005 multiplici
833 921 869 985 et
889 918 1128 1005 superparticu-

100 1024 163 1089 lari
196 1023 322 1089 ratione
348 1022 378 1089 si
404 1022 569 1111 Archytas
596 1024 708 1091 eadem
736 1024 885 1093 docuisse
910 1024 1127 1093 demonstrari

102 1152 170 1197 non
194 1136 316 1217 potest,
344 1134 454 1197 temen
475 1154 496 1197 a
516 1130 654 1219 reliquis
675 1130 819 1199 familiae
840 1132 940 1199 sociis
962 1152 1038 1199 curn
1059 1153 1128 1200 non

102 1240 293 1307 dissensisse
310 1238 486 1305 verisimile
503 1242 569 1327 est3
586 1238 704 1326 reliqui
721 1244 832 1307 autem
844 1238 926 1307 haec
938 1240 1127 1307 docuerunt

102 1345 146 1437 (r.
172 1368 270 1431 supra
301 1368 332 1430 p.
357 1342 447 1433 121).
492 1349 527 1411 et
558 1366 657 1413 sonos
689 1345 849 1413 wntineri
880 1348 1127 1431 percussionum

100 1454 244 1521 numeris
267 1453 296 1518 ei
318 1450 404 1517 forta
426 1452 496 1518 eius
517 1452 658 1519 maiores
681 1450 817 1541 amun
839 1452 912 1519 dico
934 1452 988 1518 rel
1004 1450 1131 1539 Hippe-

102 1558 190 1649 sum)
209 1558 306 1645 primi
326 1557 513 1643 docuerunt,
537 1557 654 1625 horum
673 1564 760 1625 certa
776 1558 872 1627 libris
889 1558 1042 1627 Euclides
1059 1581 1128 1627 non

104 1689 183 1733 usus
202 1670 261 1732 est.
297 1663 459 1750 Archytas
473 1669 583 1731 autem
596 1670 670 1733 atre
682 1687 750 1733 non
762 1672 1015 1735 commemorato
1029 1688 1129 1735 sonos

104 1778 217 1839 acutos
245 1773 323 1838 oriri
351 1771 484 1857 scripsit
507 1771 671 1839 celeritate
693 1780 727 1840 et
747 1775 995 1859 percussionum
1017 1776 1130 1861 spissi·

104 1885 180 1968 tate,
203 1880 301 1946 sicuti
323 1879 455 1965 scripsit
476 1878 638 1947 Euclides.
675 1881 774 1947 etiam
795 1903 813 1947 e
831 1882 965 1948 canonis
983 1882 1126 1948 sectione

103 2011 254 2077 maguam
283 1991 408 2071 partem
434 1987 546 2051 eodem
569 1987 665 2052 modo
690 1993 787 2073 atque
810 1988 1049 2055 Alexandrinus
1072 1988 1128 2054 illc

104 2096 303 2183 Pythagorei
345 2100 564 2179 exposuenmt
601 2093 706 2181 (Boet.
739 2093 800 2182 ΙΙ),
841 2097 1128 2181 superparticulari

107 2205 223 2270 rationi
238 2203 379 2269 medium
395 2203 569 2267 terminum
583 2225 650 2268 non
664 2203 861 2268 intorccdere
875 2202 981 2291 (Eucl.
996 2210 1079 2288 prot.
1091 2204 1127 2291 3)

106 2315 169 2379 iem
188 2311 350 2396 Archytae
374 2309 608 2375 demonstravit
631 2310 681 2397 (B.
701 2309 750 2374 ΙΙΙ
767 2308 833 2398 11).
875 2310 917 2375 ab
938 2311 1001 2377 hoc
1019 2318 1127 2377 autem

104 2421 279 2485 Tarentino
298 2417 493 2503 philosopho
509 2417 613 2482 multa
624 2418 744 2483 litteris
759 2423 792 2482 et
805 2418 910 2483 multa
923 2420 1128 2485 sermonibus

104 2527 256 2591 Euclides
275 2525 416 2609 accipere
430 2525 547 2608 potuit.
579 2523 682 2590 libros
697 2526 783 2590 enim
797 2524 895 2590 huius
909 2527 1020 2613 magni
1034 2527 1130 2591 aesti-

104 2638 210 2699 matos
242 2653 312 2697 esse
344 2631 489 2696 videmus
518 2629 651 2718 (Porph.
674 2655 704 2717 p.
725 2634 790 2699 236
805 2630 891 2720 ini),
923 2633 1128 2699 sermonibus

105 2740 256 2806 Euclides
280 2740 383 2804 multa
407 2739 557 2804 didicisse
576 2744 711 2824 putatur
729 2763 748 2804 a
765 2738 913 2805 Platonis
933 2741 1099 2825 discipulis
1107 2740 1130 2827 ¹,

104 2848 273 2913 Platonem
296 2847 457 2931 accepisse
480 2847 600 2911 scimus
623 2846 664 2911 ab
680 2845 836 2931 Archyta.
873 2868 951 2935 ergo
970 2848 1010 2911 ad
1028 2847 1128 2913 huius

106 2954 286 3021 doctrinam
308 2953 483 3019 maximam
506 2953 603 3018 huius
626 2953 730 3018 libelli
753 2957 881 3039 partem
904 2976 1028 3019 revoco.

173 3132 312 3199 (lenonis
340 3132 516 3197 sectionem
543 3152 657 3218 graece
687 3136 721 3197 et
745 3113 847 3197 latine
873 3133 999 3216 primus
1026 3132 1130 3198 edidit

104 3241 242 3308 Ioannes
269 3238 379 3304 Pena.
429 3239 617 3305 Εὐκλείδου
646 3239 807 3323 εἰςαγωγὴ
834 3236 1007 3325 ἁρμονική.
1052 3239 1127 3305 Lot.

104 3349 176 3415 Par.
200 3347 334 3413 Wechel
354 3348 449 3413 1557.
486 3347 556 3411 eius
575 3349 763 3411 contextum
787 3350 820 3410 et
838 3346 1019 3410 versionem
1038 3368 1129 3432 repe-

107 3458 321 3468 -----

180 3515 194 3562 1
215 3507 338 3578 Heiberg
355 3522 382 3575 p.
398 3509 440 3560 st.
