2466 3870
438 326 445 393 j
491 315 497 323 ·
534 261 889 397 (rs.aoump·01ian.-
998 330 1002 337 ·

352 469 441 546 ἑστώς
510 469 820 554 Προσλαμβανόμενος
887 469 1020 545 ἄτυυκνος

433 561 520 634 τόνος

351 646 441 722 ἑστώς
508 647 607 724 ὑπάτη
631 645 752 706 ὑπατῶν
886 647 1095 726 βαρύτυκνος,
1114 671 1132 707 κ
1151 668 1166 705 τ
1184 648 1208 705 l.

192 772 258 814 cum
280 758 382 815 tamen
406 754 532 813 lichanis
555 754 688 814 dictonis
712 754 850 813 librarius
875 753 906 811 in
929 753 1031 812 eadem
1056 755 1134 814 linea
1157 752 1207 813 sd-

193 843 300 903 diderit
331 843 547 903 chromaticam
579 846 610 902 et
642 843 858 916 enarmonium,
890 842 980 901 habes
1007 845 1138 917 systema
1169 843 1208 902 ad

193 932 254 991 Nic.
273 951 297 990 c
321 934 361 990 11
381 930 615 990 accomodatum.
658 932 802 990 Planudis
825 949 925 990 versus
947 930 1082 1007 sequitur
1104 930 1207 990 tabula

193 1037 390 1091 numerorum,
413 1038 503 1095 quam
526 1021 617 1079 habes
637 1022 702 1077 411
722 1020 754 1077 in
777 1019 867 1077 variis
890 1019 1065 1079 lectionibus
1084 1019 1134 1077 lin.
1158 1021 1206 1092 10,

194 1112 223 1166 et
248 1105 323 1186 ἂρχὴ
350 1116 410 1168 τῶν
439 1116 590 1185 μουσικῶν
619 1105 714 1186 λόγων
743 1126 770 1183 p.
791 1110 868 1179 411,
896 1107 946 1165 ubi
974 1109 1051 1168 hunc
1076 1107 1206 1168 codicem

193 1196 307 1273 signavi
330 1189 381 1276 X).
428 1195 507 1273 quod
530 1196 561 1255 in
588 1196 724 1273 margine
753 1197 904 1272 appictum
932 1200 1009 1271 erat,
1041 1193 1135 1257 ἰστέον
1163 1193 1207 1256 ὅτι

193 1291 278 1359 tonos
300 1280 398 1346 ὅπου
420 1293 478 1344 τον
500 1284 640 1363 acopos,
664 1284 695 1343 id
713 1284 781 1343 dedi
804 1304 831 1360 p.
847 1285 910 1343 423
935 1275 990 1363 (an
1008 1302 1061 1360 pro
1079 1283 1207 1364 ῥυσμῶν

194 1371 232 1431 ibi
246 1373 432 1433 scribendum
446 1365 587 1454 rdvmvd).
611 1373 749 1448 quamvis
763 1376 863 1432 autem
877 1372 1035 1449 propinqui
1050 1372 1207 1431 videantur

195 1466 223 1519 st
235 1461 346 1520 similes
359 1462 474 1537 Neapp.
484 1454 519 1542 (2
528 1453 603 1542 eta)
621 1464 653 1519 et
667 1462 743 1535 Par,
762 1466 877 1538 patrem
891 1465 945 1520 aut
958 1461 1053 1520 filium
1066 1461 1097 1519 in
1112 1461 1205 1520 varie-

195 1549 303 1608 tatibus
336 1550 397 1608 illis
429 1567 488 1608 non
520 1550 634 1622 inveni,
675 1551 783 1608 fratres
815 1550 914 1626 potius
946 1543 1069 1610 dicam¹
1123 1549 1205 1608 aliud

195 1640 325 1715 sequitsar
351 1638 551 1717 diagramma,
579 1656 638 1713 quo
666 1656 807 1697 sonorum
833 1638 905 1697 ordo
928 1639 954 1696 is
977 1638 1204 1713 demonstratur,

195 1727 241 1803 qui
267 1728 420 1786 invenitur
446 1727 526 1803 apud
555 1726 761 1786 Ptolemaeum
788 1725 818 1784 Π
840 1729 886 1785 11.
934 1720 988 1786 ὴίσ
1009 1745 1125 1803 quoque
1153 1727 1204 1786 ad·

195 1816 329 1875 scribitur
368 1812 502 1889 ἅπυννος
535 1816 582 1874 vel
615 1815 708 1895 βαρύ·
732 1815 779 1875 vel
801 1813 985 1892 μεσότυκνος
1027 1813 1203 1891 additurque

194 1899 277 1976 ἑστώς
309 1905 357 1964 vel
386 1897 590 1982 κινούμενος.8
642 1905 773 1981 hypatas
801 1907 901 1963 autem
928 1922 1029 1963 meson
1056 1904 1111 1963 hoc
1139 1904 1203 1964 loco

196 1991 373 2068 adscriptum
405 1997 451 2051 est
481 1990 667 2072 ὑποδώριος,
700 1997 863 2069 parypatae
891 2011 993 2053 meson
1019 1990 1203 2072 luoppdysoc

194 2080 277 2156 idque
309 2081 423 2140 factum
454 2098 548 2157 usque
581 2081 620 2139 ad
653 2085 740 2140 neten
770 2081 1011 2159 diezeugmenon,
1043 2082 1090 2140 cui
1118 2081 1206 2140 datur

195 2165 433 2248 ὁστρμιξολύδιος
465 2164 481 2228 ὁ
513 2168 564 2228 scal
595 2166 806 2249 ὖττερφρύγιος.
856 2169 894 2228 ad
921 2169 1085 2237 Ptolemaei
1113 2170 1206 2247 igitur

197 2259 358 2335 exemplum
386 2258 527 2317 instituta
554 2262 601 2317 est
623 2258 695 2318 hace
720 2258 823 2318 tabula
848 2251 888 2340 (v.
913 2259 1020 2317 Wallis
1043 2278 1070 2334 p.
1089 2260 1127 2317 73
1152 2258 1202 2317 fol.

197 2372 234 2394 ε·
250 2349 311 2406 137
336 2348 368 2405 in
387 2340 444 2427 4⁰),
468 2348 526 2406 nisi
545 2347 625 2423 quod
644 2347 726 2406 iastii
749 2367 865 2423 quoque
884 2351 916 2406 et
934 2347 1022 2406 adolii
1042 2346 1106 2406 toni
1124 2347 1204 2406 simi·

194 2434 320 2511 linmque
361 2437 392 2493 in
429 2436 507 2494 hunc
544 2437 678 2495 ordinem
719 2436 899 2494 intrusorum
941 2454 1029 2495 sonus
1070 2434 1204 2511 princeps

194 2527 318 2582 notatur.

255 2612 378 2671 Meliore
405 2611 510 2671 deinde
538 2612 636 2671 forma
664 2613 767 2687 scripti
795 2615 958 2687 sequuntur
985 2604 1049 2693 (fol.
1071 2606 1105 2693 5)
1136 2612 1203 2670 libri

194 2700 402 2775 Ptolemaei,
430 2700 627 2776 videnturque
655 2701 766 2776 sumpti
794 2719 856 2760 esse
883 2720 918 2760 ex
945 2700 1044 2760 codice
1069 2701 1120 2776 qui
1144 2720 1203 2760 non

193 2788 276 2867 longe
294 2789 428 2849 distabat
446 2808 465 2848 a
483 2789 545 2849 cod
562 2790 596 2849 U.
635 2788 671 2848 de
691 2789 844 2848 Plutarchi
862 2790 1048 2866 Theonisque
1068 2790 1202 2849 doctrina

193 2879 263 2936 nihil
285 2879 435 2955 exscripsi,
459 2878 516 2937 niai
540 2878 628 2937 huius
651 2878 740 2937 finem
763 2877 833 2955 μετὰ
856 2886 907 2954 τῆς
929 2878 1046 2957 πρώτης
1064 2875 1201 2958 ἀφορμῆς

193 2959 254 3045 (qni
281 2970 328 3025 cst
350 2965 416 3025 finis
439 2966 614 3026 Nicomachi
638 2958 676 3046 Ι).
723 2967 856 3042 sequitur
878 2974 930 3027 τοῦ
958 2967 1129 3042 σοφωτάτου
1152 2965 1201 3026 καὶ

192 3056 365 3134 λογιωτάτου
392 3053 441 3114 καὶ
469 3055 597 3132 μυξίμου
626 3063 678 3115 τοῦ
703 3054 881 3114 Πλανούδου
909 3051 941 3114 ἐκ
964 3063 1016 3132 τῆς
1038 3052 1201 3134 ἐξηγήσεως

192 3152 241 3203 τοῦ
263 3141 373 3222 δευτέρ.
396 3144 473 3221 dedi.
495 3142 528 3203 τὸ
551 3141 584 3203 ἐκ
607 3152 660 3203 τοῦ
683 3144 867 3217 Σκηπίωνος
888 3140 1012 3224 ὄνειρον.
1058 3143 1112 3203 inc.
1138 3145 1202 3204 Πυ-

260 3319 273 3365 1
297 3313 362 3367 Par,
384 3311 448 3382 plns
471 3312 560 3368 habet
582 3312 613 3366 in
635 3318 680 3378 §1
706 3313 740 3368 dc
764 3331 838 3368 num.
858 3320 889 3367 11
915 3315 944 3367 et
967 3319 1014 3381 14,
1038 3313 1067 3368 in
1092 3320 1141 3380 §2
1165 3314 1200 3368 ds

191 3401 262 3438 num.
281 3388 324 3439 14.
343 3388 385 3439 36.
424 3382 562 3438 contraX
580 3382 698 3438 meliora
717 3383 804 3438 habet
822 3390 836 3450 ξ
854 3391 865 3439 1
886 3384 921 3438 de
939 3402 1013 3438 num.
1032 3390 1071 3452 18,
1093 3384 1117 3438 si
1131 3384 1199 3439 fides

192 3456 234 3508 est
250 3453 412 3523 Vincentio,
441 3457 470 3510 et
492 3453 574 3525 plura
593 3472 766 3524 quamquam
789 3471 845 3509 non
866 3455 982 3509 meliora
1001 3454 1088 3510 habet
1106 3455 1131 3509 X
1149 3461 1199 3521 §2

191 3523 226 3578 de
243 3529 419 3650 mapiobssoe
442 3595 504 3651 soni
523 3596 665 3667 inpriore
685 3601 837 3667 systemate
856 3597 913 3666 (fol.
934 3602 960 3667 1)
979 3598 1055 3652 nullo
1076 3597 1199 3668 epitheto

194 3666 284 3722 ornati
301 3669 381 3735 sunt,
401 3661 485 3732 ἱστός
501 3670 615 3724 tantum
633 3668 709 3724 sonis
729 3669 791 3724 fixis
810 3670 983 3739 adscriptum
1001 3673 1051 3724 est.
