2466 3870
495 238 501 245 ·
509 238 687 257 ··'····———.

966 266 1214 283 ᾑ-

419 411 657 497 Problemaun
671 419 714 472 εο.
729 421 772 471 τι.
787 419 829 472 τε,
844 412 887 472 ss.
901 419 943 471 ss.
986 414 989 419 ·
1144 410 1188 476 75

240 574 293 641 53.
321 574 390 640 Διὰ
407 574 444 640 τί
459 569 668 660 ἀγωνιῶντες
678 563 949 663 μδνβαρύτερον
967 566 1186 662 φθέγγονται,

173 680 382 765 φοβούμενοι
406 679 443 748 δέ
461 682 632 770 ὀξύτερον;
655 687 763 748 καίτοι
781 681 837 747 καὶ
854 681 875 765 ἡ
894 681 995 760 αἰδὼς
1013 685 1119 767 φόβος
1137 683 1187 758 τίς

174 786 274 852 ἐστιν.
301 825 346 835 -
367 784 415 854 Ἢ
443 788 594 874 διαφέρει
626 791 713 853 πολὺ
743 788 781 852 τὸ
808 786 925 863 πάθος.
974 789 1010 852 οἰ
1033 785 1095 872 μέν
1122 789 1186 872 γὰρ

174 894 368 979 αἰδούμενοι
382 895 589 979 έρυθριῶσιν
603 891 638 979 (ἡ
654 889 691 958 δὲ
705 893 833 975 ἀγωνία
846 894 986 977 αἰσχύνη
1004 896 1055 968 τίς
1069 892 1186 980 ἐστιν),

151 1002 210 1065 ιοί
234 996 272 1066 δὲ
300 1001 507 1085 φοβούμενοι
535 997 710 1085 ώχριῶοιν.
762 1000 909 1086 φανερὸν
937 994 1014 1084 οὖν,
1042 999 1093 1063 ὄτι
1116 1012 1186 1076 τοῖς

174 1104 234 1191 μὲν
266 1103 492 1191 φοβουμένοις
524 1103 664 1170 ἐκλείπει
698 1106 834 1170 ἄνωθεν
863 1106 900 1170 τὸ
927 1108 1070 1190 θερμόν,
1102 1105 1186 1170 ὥστε

174 1224 261 1278 κινεῖ
280 1207 422 1286 ἀσθενές
445 1210 485 1274 ὂν
507 1210 623 1294 ὀλίγον
645 1209 726 1298 ἀέρα
744 1212 781 1277 τὸ
800 1220 939 1295 πνεῦμα,
957 1213 995 1277 τὸ
1015 1208 1051 1276 δὲ
1070 1211 1186 1294 ὀλίγον

173 1320 254 1403 ταχὺ
282 1314 434 1400 φέρεται,
462 1318 499 1382 τὸ
527 1313 564 1382 δέ
592 1321 673 1403 ταχὺ
703 1318 739 1383 ἐν
763 1326 860 1402 φωνῇ
883 1317 919 1382 τὸ
943 1314 1010 1395 ὀξύ.
1055 1330 1126 1393 τοῖς
1148 1316 1186 1384 δὲ

174 1421 385 1508 αἰδουμένοις
417 1422 487 1487 ἄνω
516 1424 643 1507 ἔρχεται
673 1425 710 1490 τὸ
738 1424 866 1509 θερμὸν
893 1421 968 1509 περὶ
996 1424 1036 1488 τὰ
1064 1426 1185 1507 στήθη·

142 1524 390 1622 ιοσημείονμδέ,
418 1527 469 1592 ὄτι
497 1531 649 1611 γίνονται
677 1528 860 1615 ἐξέρυθροι.
905 1532 1013 1595 πολὺν
1040 1525 1078 1594 δέ
1100 1543 1187 1595 κινεῖ

176 1634 253 1721 ἀέρα
276 1634 297 1717 ἡ
320 1636 426 1718 πολλὴ
449 1635 605 1719 δύναμις,
631 1636 669 1701 τὸ
698 1633 735 1701 δέ
759 1639 844 1701 πολὺ
868 1635 1016 1720 βραδέως
1039 1634 1184 1723 φέρεται,

174 1742 209 1808 τὸ
232 1738 269 1808 δέ
292 1742 400 1826 βραδὺ
424 1741 462 1807 έν
484 1750 581 1826 φωνῇ
605 1744 701 1825 βαρύ.
738 1742 777 1806 of.
792 1743 843 1808 32.

239 1904 291 1967 56.
320 1904 388 1967 Διὰ
411 1905 447 1967 τί
466 1912 526 1967 τοῦ
545 1898 606 1987 μέν
623 1913 785 1987 χειμῶνος
803 1901 958 1986 ὀξύτερον
977 1900 1183 1986 φθέγγονται

174 2007 226 2072 καὶ
248 2009 425 2091 νήφοντες,
447 2007 572 2092 θέρους
595 2005 632 2073 δέ
651 2008 706 2073 καὶ
725 2009 907 2092 μεθύοντες
926 2009 1126 2093 βαρύτερον;
1142 2046 1183 2055 -

140 2110 213 2180 ιεἫ
239 2114 289 2179 δτι
321 2112 457 2200 ὀξυτέρα
486 2113 548 2198 μέν
578 2114 669 2180 ἐστιν
700 2113 720 2196 ἡ
753 2112 928 2198 ταχυτέρα,
958 2114 1120 2198 ταχυτέρα
1147 2113 1186 2179 δέ

174 2221 262 2286 ἐστιν
290 2220 310 2303 ἡ
339 2220 403 2285 ἀπὸ
432 2219 675 2306 συντεταμένον
704 2223 811 2304 φωνή.
855 2232 922 2284 τῶν
945 2216 983 2284 δὲ
1004 2223 1183 2305 νηφόντων

173 2325 226 2391 καὶ
256 2326 293 2391 ἰν
323 2336 368 2414 τῷ
398 2339 534 2413 χειμῶνι
565 2329 605 2392 τδι
635 2329 770 2412 σώματα
800 2326 978 2410 συνέστηκε
1008 2332 1135 2412 μᾶλλον
1163 2326 1183 2410 ἢ

173 2437 369 2516 μεθυόντων
400 2433 454 2500 καὶ
483 2435 520 2500 ἐν
546 2443 592 2522 τῷ
620 2434 727 2519 θέρει·
756 2435 792 2500 τὸ
822 2435 883 2517 γὰρ
911 2435 1039 2519 θερμὸν
1065 2431 1121 2499 καὶ
1149 2435 1186 2497 αἰ

173 2539 265 2605 ύλέαι
289 2541 466 2606 διαλύουσι
488 2542 528 2605 τὰ
552 2542 694 2624 σώματα.
735 2541 773 2606 of.
794 2540 921 2606 passo
941 2538 1093 2625 ([13υὸ).

137 2727 162 2767 so
239 2700 290 2763 59.
323 2701 392 2764 Διὰ
417 2703 452 2764 τί
473 2703 597 2782 γίνεται
622 2698 765 2765 ἐλάττων
788 2697 849 2784 μὲν
871 2699 890 2783 ἡ
915 2702 1011 2783 φωνὴ
1035 2697 1183 2783 ἐξαιρου-

173 2804 295 2890 μένων,
324 2805 421 2890 ὁμοία
450 2804 485 2870 δέ
513 2807 571 2871 τὸν
599 2815 799 2891 χαρακτῆρας
823 2844 867 2852 -
883 2804 931 2871 Ἢ
954 2807 1004 2872 ὅτι
1031 2805 1182 2891 ἐμέμικτο

242 3022 257 3069 2
287 3016 336 3070 καί
364 3034 416 3071 om
442 3016 470 3071 C.
552 3023 585 3069 13
614 3011 644 3070 ἐν
668 3023 704 3087 τῷ
729 3025 842 3085 χειμῶνι
865 3016 927 3069 Par.
951 3020 993 3071 84.
1077 3022 1110 3069 14
1134 3017 1182 3069 καί

174 3086 310 3154 νήφοντες
338 3104 391 3141 om.
416 3087 519 3142 XPar.
584 3096 633 3141 τοῦ
662 3088 692 3142 δὲ
721 3085 825 3153 θέρους
843 3087 875 3141 X.
968 3091 1045 3156 lbflll
1070 3082 1180 3154 ἰοτινη

174 3178 230 3226 soz.
251 3178 267 3224 η
287 3159 344 3212 ἀπὸ
365 3176 387 3213 o.
407 3159 468 3212 Par.
544 3165 575 3212 17
595 3159 711 3230 μᾶλλον]
731 3158 848 3227 μάλιστα
868 3158 930 3212 Par.

242 3353 284 3408 Pr.
301 3360 343 3407 56.
365 3354 406 3407 De
425 3353 459 3406 fri
482 3353 536 3407 otis
556 3358 585 3407 et
603 3352 704 3407 caloris
724 3354 823 3407 ellectu
843 3354 959 3408 vidend
975 3361 1014 3408 13.
1078 3353 1123 3407 Pr.
1139 3359 1180 3408 59.

174 3424 285 3495 Cogitat
303 3442 403 3479 sonum
421 3372 518 3477 multis
536 3424 651 3479 vocibus
671 3424 809 3480 effectum.
838 3425 909 3493 „Cur
928 3424 1048 3495 demptis
1065 3424 1180 3478 vocibus

173 3495 312 3550 nonnullis
336 3499 430 3550 servat
454 3495 590 3549 acuminis
609 3495 762 3565 grnduml‘*
801 3495 876 3564 quod
895 3496 918 3549 si
937 3495 1088 3550 mullitudo
1108 3496 1181 3549 seris

173 3567 297 3638 propulsi
311 3584 441 3622 sonorum
456 3565 543 3620 efficit
556 3567 726 3636 gravitatum
740 3570 791 3637 (pr.
803 3573 844 3622 21.
855 3574 897 3622 40.
908 3573 950 3622 53.
971 3570 1065 3622 annot.
1080 3567 1119 3620 sd
1130 3572 1181 3634 14),

172 3638 279 3692 minuto
312 3638 473 3692 canentium
501 3655 615 3692 numero
644 3656 727 3692 sonus
756 3639 904 3719 oportebat
931 3639 1049 3693 intendi.
1095 3655 1180 3707 quom

173 3707 368 3763 difficultatem
409 3709 516 3763 solvere
552 3709 733 3779 Peripatetici
776 3709 824 3763 1sli
865 3710 979 3765 minime
1020 3713 1180 3780 potuerunt.

172 3779 206 3834 of.
226 3780 262 3833 sd
281 3781 305 3833 V
323 3787 347 3836 2.
