2466 3870
104 69 182 188 58⁴·
268 79 293 166 ᾖ.
375 91 508 188 ⁴311.
526 113 743 184 spumosus
854 96 858 107 “
933 117 941 125 ·

106 307 170 348 non
192 282 299 366 plures
322 277 457 342 chordas
480 271 638 360 cogitasse
660 298 757 359 quam
780 275 881 340 octo.²
923 277 985 342 hoc
1006 281 1116 343 antem

105 411 177 452 cum
212 387 289 448 item
323 382 421 445 faciat
450 379 662 443 Aristoxenus
691 382 725 444 in
754 380 854 444 barm.
884 383 983 464 princ.
1013 385 1057 450 50
1075 407 1116 449 ss.

103 516 133 575 p.
149 493 190 553 22
206 488 285 570 Mb,
309 485 513 549 manifestum
537 486 575 548 fit
596 487 692 549 missa
715 485 788 549 illos
810 485 969 551 artificum
993 490 1117 554 cithara

103 594 280 676 simplicem
303 593 406 675 lyram
430 593 581 677 cogitare,
603 593 654 656 cui
672 591 780 676 plures
796 590 933 656 chordae
951 614 1117 676 nunquam

103 700 232 764 fuerint.

170 803 239 869 Nec
265 803 380 870 melius
407 827 458 870 res
485 827 519 870 se
545 805 655 890 babet,
683 805 739 869 ubi
762 803 998 869 consideramus
1020 826 1116 869 usum

103 911 328 977 adverbiorum
356 913 426 978 ἄνω
455 917 487 977 et
514 911 610 978 κάτω.
655 912 715 977 hac
742 913 781 977 de
803 934 837 977 re
861 933 934 976 cum
955 911 1048 994 plura
1071 911 1118 975 di-

104 1018 203 1082 cenda
230 1020 295 1084 sint
323 1020 357 1084 in
383 1020 423 1085 iis
451 1042 532 1105 quse
560 1019 703 1084 Euclidis
729 1020 864 1084 sectioni
891 1041 1000 1084 sumus
1026 1039 1117 1103 prae-

103 1126 244 1211 missuri,
282 1127 422 1191 suffioiat
457 1147 543 1191 nuno
574 1126 691 1211 dicere,
728 1147 922 1210 quamquam
952 1125 1116 1208 prioribus

102 1232 303 1317 temporibus
326 1231 439 1296 Graeci
462 1234 531 1298 ἄνω
550 1231 590 1296 ad
607 1233 770 1318 graviores
789 1252 885 1295 sonos
904 1236 1117 1316 revocassent,

103 1343 212 1402 tamen
248 1339 312 1402 iam
343 1337 529 1402 Aristoxeni
565 1340 669 1401 aetate
699 1336 782 1422 ὑπέρ
815 1337 849 1400 in
881 1339 1032 1401 tonorum
1064 1339 1117 1402 rel

103 1447 315 1526 systematum
342 1443 526 1507 nominibus
554 1442 689 1506 relatum
715 1463 785 1506 esse
811 1441 852 1506 ad
874 1463 971 1506 sonos
993 1447 1116 1528 acutos,

102 1552 140 1612 ut
163 1551 231 1613 ἄνω
255 1549 318 1612 hoo
340 1549 424 1612 libro
448 1548 596 1612 similiter
613 1549 759 1631 usurpari
777 1548 909 1612 minime
926 1548 969 1612 sit
986 1548 1115 1612 mirum.

167 1653 311 1717 Plurima
329 1655 430 1739 igitur
447 1653 562 1718 harum
581 1655 758 1718 sectionum
776 1659 923 1718 auctores
942 1655 1115 1738 sumpsisse

103 1759 247 1824 ridemus
280 1781 319 1824 ex
350 1760 420 1844 ipso
448 1758 636 1843 Aristotele,
667 1760 821 1825 nonnulla
853 1782 892 1825 ex
923 1760 1006 1824 libro
1037 1760 1115 1846 περὶ

103 1866 276 1932 ἀκουστῶν
290 1864 487 1953 (Heraclide)
507 1872 540 1929 et
557 1865 629 1930 aliis
648 1866 792 1931 lontibus
810 1867 960 1932 hausisse.
988 1873 1021 1930 et
1040 1888 1114 1933 cum

102 1995 219 2058 magna
255 1995 329 2056 pars
365 1972 479 2036 talium
516 1972 738 2055 quaestionum
775 1973 858 2036 haud
899 1972 1001 2037 multo
1038 1979 1116 2057 post

102 2077 287 2143 Aristotelis
311 2084 447 2143 aetatem
471 2078 626 2142 fabricata
650 2101 717 2142 esse
740 2079 898 2161 videatur,
926 2079 964 2142 de
987 2079 1115 2144 harmo-

101 2185 182 2250 nicis
205 2186 415 2269 problematis
439 2207 503 2248 non
527 2190 575 2249 est
598 2186 683 2269 quod
706 2185 793 2249 aliud
815 2191 1000 2250 statuamus.

102 2310 160 2374 Bk.
202 2309 378 2375 Contentus
401 2310 608 2373 fundamenta
631 2312 706 2374 ieoit
726 2309 933 2375 Immanuel
951 2310 1114 2376 Bekker:

198 2416 383 2482 Aristotelis
407 2438 503 2499 opera
527 2417 625 2480 edidit
648 2418 808 2482 academia
830 2419 919 2503 regie
941 2417 1114 2483 Borussica

197 2523 340 2586 Berolini
371 2525 553 2588 1831-70.
599 2525 797 2606 problemata
824 2525 966 2587 continet
994 2525 1056 2587 rol.
1081 2524 1113 2589 Il

196 2653 226 2713 p.
247 2631 431 2695 898—923.
478 2629 535 2692 Bk.
565 2653 639 2694 usus
667 2636 715 2694 est
739 2631 790 2694 hio
816 2618 978 2694 codicibus
1002 2654 1113 2695 manu-

198 2737 338 2820 scriptis:

199 2846 248 2905 est
270 2842 503 2907 Laurentianus
528 2845 578 2926 87,
593 2845 622 2906 4.

103 2839 126 2904 O

74 2932 130 3010 'x
215 3001 232 3032 ‚‚
271 2948 446 3013 vaticanus
472 2951 565 3014 1283.

101 3053 131 3116 Y
215 3108 232 3138 ‚,
272 3055 436 3119 Parisinus
461 3058 556 3121 2036.

101 3190 312 3200 ——-——-.

173 3271 185 3316 1
206 3264 264 3318 Nec
288 3265 386 3333 miror,
412 3265 435 3318 si
459 3266 521 3334 quis
546 3266 632 3319 etiam
655 3267 806 3335 posteriore
827 3269 920 3320 aetate
939 3266 968 3318 in
988 3265 1111 3336 simplici

100 3333 161 3402 lyra
189 3339 296 3405 septem
324 3337 412 3391 babet
439 3354 546 3391 nervos.
589 3338 630 3390 ita
653 3355 695 3392 res
719 3355 748 3391 se
772 3338 875 3392 habere
898 3337 1010 3390 ridetur
1034 3337 1111 3406 apud

100 3405 280 3460 Aristotelem
299 3407 329 3460 in
347 3408 501 3477 metaphys.
521 3408 584 3461 XIII
599 3414 623 3475 6,
638 3415 654 3461 4
674 3413 769 3478 (supra
787 3427 813 3478 p.
829 3417 871 3476 ³5,
885 3411 918 3476 1),
938 3407 987 3462 sed
1006 3408 1111 3475 Pytha

99 3493 245 3546 goreorum
264 3478 394 3546 (fortasse
414 3480 603 3547 antiquorum)
624 3479 671 3534 ille
691 3480 774 3534 refert
792 3483 949 3551 praecepta.
