2466 3870
511 141 628 211 eiusque
648 141 736 195 libris¹
1070 139 1134 202 299

111 303 189 367 haec
215 324 280 367 non
299 304 396 388 plane
415 305 602 392 abhorrent,
626 328 822 392 quamquam
841 302 1014 392 δραστικαὶ
1034 304 1138 369 δυνά-

108 432 183 495 μεις
210 415 364 477 revocant
391 412 488 479 nobie
514 412 751 499 Ptolemaeum,
779 412 836 497 qui
858 413 893 478 in
915 411 1019 477 herm.
1042 408 1093 477 111
1115 410 1137 477 9

108 517 253 584 rationes
279 519 437 604 quasdam
464 540 549 606 quae
571 519 723 585 binarum
745 518 913 585 stellarum
935 519 1017 585 locis
1039 519 1138 585 inter-

108 624 237 712 cedant,
265 626 346 693 dicit
361 626 554 711 ’δραστικὰς
581 624 722 704 στάσεις.
768 646 851 709 quae
878 630 988 690 tamen
1011 626 1046 692 in
1068 628 1135 692 ci

107 737 289 819 sequuntur
315 734 420 799 eidem
445 731 647 799 Nicomacho
674 732 837 798 vindicare
859 731 984 797 dubito.
1030 754 1073 797 un
1096 732 1137 797 ad

106 838 329 928 Pythagoram
350 839 438 905 hunc
460 838 626 905 rettulisse
648 839 837 925 putabimus
859 838 1017 925 quidquid
1039 838 1136 905 Plato

107 946 142 1013 in
162 946 287 1013 Timaei
310 948 373 1013 c.8
396 950 558 1013 statuerat
579 947 619 1013 dc
641 946 768 1013 animae
791 946 972 1013 mundanae
988 968 1137 1031 procrea-

107 1054 224 1120 tione?
269 1056 303 1118 et
335 1075 399 1139 qua
431 1076 529 1119 cauea
560 1054 612 1121 vel
643 1054 770 1120 ratione
801 1053 940 1119 fixarum
966 1052 1136 1120 stellarum

107 1160 197 1227 caelo
216 1160 376 1227 tribuitur
393 1182 548 1227 numeras
562 1160 599 1225 2³
609 1194 648 1216 =
661 1160 705 1227 8?
732 1183 808 1227 nam
826 1162 862 1227 in
876 1159 1138 1249 theologumenia

106 1290 138 1353 p.
156 1268 200 1335 47
224 1268 253 1333 ai
276 1268 356 1359 quid
378 1268 484 1335 simile
507 1268 652 1335 invenire
674 1268 738 1335 tibi
760 1268 887 1355 videris,
910 1267 968 1334 ubi
992 1266 1028 1333 2³
1043 1274 1083 1351 -t-
1099 1268 1136 1337 3³

49 1450 53 1455 ,
84 1373 235 1442 'efficere
262 1374 417 1441 dicuntur
438 1374 707 1462 symphoniarum
729 1397 900 1442 numerum
922 1378 976 1463 35,
998 1376 1064 1443 alia
1086 1380 1136 1443 est

106 1484 280 1573 cogitatio,
312 1486 386 1549 cum
420 1484 543 1551 similea
570 1484 645 1550 cubi
675 1484 762 1551 inter
789 1506 823 1551 ee
852 1485 1044 1571 iungantur3
1071 1506 1136 1570 qua

106 1594 216 1657 autem
246 1592 373 1657 ratione
401 1590 455 1657 hic
482 1594 690 1678 componitur
716 1592 843 1658 numeri
870 1592 1004 1657 ternarii
1031 1590 1135 1657 cubus

105 1718 181 1764 cnm
195 1696 401 1784 planetarum
419 1721 556 1767 numero
573 1699 793 1786 multiplicato
806 1702 829 1767 4
843 1734 851 1750 ·
866 1703 884 1765 7
892 1699 910 1763 ’ἰ
941 1700 1010 1785 ipse
1024 1704 1134 1765 antem

104 1826 262 1871 numer-na
293 1806 335 1871 ad
366 1827 464 1892 quem
497 1805 703 1873 efficiendum
733 1807 813 1874 haec
839 1807 1022 1892 conscripta
1048 1812 1135 1893 sunt,

104 1936 193 1979 num.
212 1911 355 1979 XXXVI
379 1913 462 1999 dioc,
485 1913 640 1981 hocloco
658 1918 697 1981 ut
715 1915 861 1981 omnium
878 1914 1134 2001 perfectissimus

105 2019 262 2110 (τέλειος)
285 2021 500 2109 praedicatur,
523 2044 597 2090 cum
621 2025 655 2088 in
677 2020 870 2089 Nicomachi
893 2027 963 2088 arte
981 2022 1134 2087 arithme-

106 2130 172 2195 tica
195 2128 211 2194 Ι
232 2131 274 2196 16
298 2129 359 2195 soli
384 2130 535 2196 dicantur
557 2131 705 2216 perfecti,
729 2132 785 2216 qui
807 2131 950 2216 partium
973 2152 1133 2196 summam

106 2241 246 2322 aequent
265 2235 317 2324 (ut
339 2239 615 2320 1†2÷3=6
640 2242 672 2302 et
691 2238 840 2303 similiter
857 2260 888 2303 n.
903 2238 971 2326 28).
1012 2242 1133 2325 augent

106 2344 327 2410 dubitationes
351 2346 497 2410 minutae
521 2345 594 2410 illac
618 2350 726 2430 partes
749 2346 787 2410 de
807 2347 925 2431 quibus
944 2347 1053 2433 agitur
1071 2344 1131 2409 sub

106 2452 205 2518 finem
229 2453 354 2540 capitia,
378 2457 411 2517 et
429 2453 511 2518 iliud
528 2454 846 2538 καταπυκνούμενον
865 2466 937 2530 ταῖς
956 2455 1132 2530 carucatam

105 2558 339 2626 ἀποστάσεσιν.
390 2565 423 2625 et
457 2560 594 2626 decanos
627 2561 756 2646 quidem
789 2561 829 2625 ad
861 2561 981 2626 zodiaci
1014 2566 1132 2647 partae,

106 2664 306 2733 horonomos
324 2669 365 2732 ad
379 2668 534 2733 horarum
548 2689 714 2733 mensores
729 2667 841 2732 referri
855 2673 997 2754 apparet.
1029 2670 1133 2734 secuit

104 2772 208 2861 igitur
225 2773 280 2839 hic
299 2779 415 2840 auctor
432 2775 552 2840 lineam
571 2776 684 2839 circuli
699 2775 749 2839 vel
766 2776 982 2861 peripheriam
997 2777 1132 2842 minutis

104 2881 264 2967 partibus,
289 2905 369 2966 quas
393 2885 460 2948 sive
480 2885 523 2950 36
546 2883 645 2948 fuisse
664 2886 825 2969 putamus,
848 2885 915 2949 sive
934 2886 1000 2951 360
1019 2883 1130 2973 (quem

103 3010 276 3054 numerum
295 2989 457 3056 Aristides
478 2989 528 3057 III
551 2996 590 3057 13
614 3016 644 3077 p,
666 2994 729 3057 152
753 2993 848 3057 nobis
872 2993 1076 3058 commendat
1098 2997 1131 3057 et

103 3097 132 3162 is
167 3099 223 3183 qui
257 3097 436 3164 Ptolemaei
473 3104 617 3165 extrema
655 3101 761 3184 capita
795 3101 957 3186 supplevit
990 3098 1039 3165 ΙΙΙ
1065 3099 1130 3187 14),

104 3206 247 3271 rationes
273 3211 359 3272 certe
382 3207 541 3272 habemus
566 3212 598 3271 et
617 3230 768 3274 numeros
786 3232 805 3273 a
825 3207 985 3273 Geraseno
1005 3207 1131 3273 alienia-

103 3312 212 3378 simos.
254 3313 334 3379 haec
357 3316 459 3402 igitur
484 3320 710 3399 excerptorum
732 3339 807 3402 pars
830 3316 977 3401 quumvis
1000 3316 1131 3401 propin-

104 3443 169 3506 qua
205 3421 355 3486 videatur
396 3422 444 3487 illi
482 3423 606 3487 auctori
644 3428 777 3507 propter
812 3446 983 3488 numerum
1015 3426 1059 3491 28
1096 3430 1129 3489 et

101 3531 266 3614 tetractyn
294 3527 384 3593 illum
414 3552 508 3614 saepe
531 3535 752 3615 memoratam,
777 3531 847 3596 aliis
871 3535 980 3596 tamen
1003 3537 1129 3596 senten-
