2466 3870
744 96 954 167 Prolegomcna.

340 260 542 327 ostendisse?
596 285 639 326 an
678 285 694 326 e
732 263 899 327 stellarum
938 263 1084 327 cursibus
1121 263 1213 328 demo

338 386 423 454 quos
439 366 606 457 ignoravit
622 373 657 435 et
674 368 908 456 investigavit?
929 390 948 434 s
965 369 1098 435 musicis
1115 370 1213 437 rebus

339 496 414 541 eum
439 477 595 563 petivisse
622 479 823 564 argumenta.
876 474 960 539 vidit
991 475 1077 541 enim
1100 476 1231 561 diapaso

338 582 484 669 positum
506 604 576 651 esse
597 604 616 649 e
638 582 789 666 diapente
811 584 846 647 et
863 580 1071 668 diatessaron,
1094 586 1128 648 et
1144 582 1203 649 nbi
1229 615 1233 660 ς

339 690 503 757 metienda
520 688 660 755 chordae
678 689 882 777 longitudine
900 690 967 755 sive
986 690 1050 755 alia
1062 691 1116 756 via
1128 691 1216 756 inve

339 818 414 865 nem
436 796 595 881 diapason
617 817 686 861 esse
704 827 748 851 ιι
763 795 796 883 ’l1
816 800 850 862 et
868 799 1020 882 componi
1039 820 1056 862 e
1075 798 1217 864 rationib

339 905 389 993 Ἃ,
411 925 495 991 quae
518 907 614 989 aptae
632 904 672 969 ad
690 904 841 989 diapente
864 909 897 969 et
916 904 1115 970 diatessaron
1132 906 1207 971 addi
1228 936 1231 960 .·

339 1035 375 1079 se
400 1010 569 1079 allicerent
590 1010 681 1077 illam
704 1012 864 1077 rationem
887 1010 1050 1079 intervalli
1072 1012 1227 1097 diapason

340 1122 374 1187 et
400 1118 578 1207 discipulos
604 1119 720 1185 docere
745 1121 869 1207 potuit,
897 1123 1096 1206 quantopere
1122 1120 1164 1185 ad
1199 1151 1222 1177 ιε

340 1228 453 1295 cienda
483 1228 686 1318 pertinerent
716 1229 853 1293 numeri.
902 1228 940 1293 de
966 1226 1092 1295 malleis
1118 1228 1155 1293 in
1180 1225 1228 1293 la·

341 1337 414 1403 eina
432 1356 489 1401 aes
504 1330 765 1421 percutientibus
783 1357 866 1421 qnae
884 1358 904 1401 a
922 1334 1086 1401 veteribus
1102 1335 1229 1401 narrari

340 1442 441 1511 stulte
472 1442 614 1509 conficta
644 1441 754 1529 sunt¹3
784 1442 843 1509 sed
872 1441 956 1509 una’
982 1442 1034 1509 vel
1062 1438 1206 1509 duabus'

340 1551 495 1637 mmm,
520 1550 679 1617 tibiarum
705 1550 805 1617 etiam
831 1552 867 1615 et
888 1550 1069 1639 syringium
1091 1549 1233 1639 longitu

239 1728 244 1738 .
341 1658 470 1727 mensa⁴
490 1656 587 1725 facile
610 1659 754 1725 rationes
775 1657 849 1724 illas
871 1658 1016 1724 invenire
1038 1658 1156 1744 potuit,
1189 1688 1226 1715 ¹:

341 1766 491 1855 equidem
508 1764 639 1833 medere
655 1765 753 1852 malo,
770 1765 812 1833 ab
828 1764 1005 1854 Aegyptiis
1022 1765 1144 1833 didicit.
1180 1788 1233 1831 ns·

340 1874 405 1962 qui'
423 1872 647 1961 heptachordo
673 1872 764 1959 lyrae
791 1872 945 1939 chordam
972 1896 1046 1939 eum
1073 1873 1231 1941 addidisse

342 1980 454 2071 (modo
470 2002 513 2048 ne
528 1980 793 2048 citharoedorum
808 1982 859 2048 vel
873 1982 1011 2047 aliorum
1025 2004 1120 2047 usum
1134 2005 1207 2048 eum
1230 2015 1233 2039 ι

343 2088 479 2178 dicant);
506 2110 562 2155 eas
589 2089 676 2155 enim
703 2091 880 2156 sententias
907 2089 946 2154 de
973 2111 1127 2155 sonorum
1150 2093 1231 2155 natu

342 2196 444 2263 fessus
466 2199 527 2283 est,
551 2218 635 2283 quac
658 2198 727 2263 sinc
748 2201 826 2263 neta
848 2198 1100 2284 diezeugmenon
1122 2201 1155 2263 et
1180 2198 1231 2262 sin

416 2434 431 2483 1
450 2426 552 2499 lleqim
569 2427 648 2483 enim
665 2445 684 2482 a
702 2428 869 2483 malleorum
888 2444 1019 2482 mensura
1036 2427 1087 2483 sed
1101 2427 1138 2483 ab
1152 2427 1226 2484 aeria

343 2498 468 2571 pendam
484 2499 593 2584 pendet
611 2515 744 2555 senorum
761 2498 897 2573 gravitas.

413 2578 431 2627 2
454 2568 624 2628 Nicomachi
647 2574 833 2642 c.o(p.1³)
858 2573 888 2626 et
912 2576 945 2625 lo
968 2570 1007 2626 in.
1025 2569 1181 2627 Ptolemaei
1201 2570 1231 2626 h:

342 2641 694 2712 illuminativam,
712 2662 741 2715 p.
756 2650 817 2699 116.
854 2642 931 2699 Theo
950 2660 1020 2700 mus.
1035 2649 1068 2697 1³
1089 2646 1119 2699 st
1132 2649 1166 2699 16
1205 2687 1211 2699 .

342 2714 439 2771 confer
455 2731 595 2771 monem
612 2718 722 2771 sectum
735 2732 786 2787 per
799 2713 954 2777 Euclidem,
974 2713 1154 2784 Thrasyllum
1227 2739 1233 2761 ι

342 2788 372 2843 et
398 2783 554 2844 sectionem
581 2784 689 2843 editam
717 2803 736 2842 a
758 2786 791 2845 G.
815 2786 924 2843 Stamm
946 2787 976 2842 in
1000 2786 1112 2842 Schoell
1136 2788 1165 2842 et
1186 2786 1230 2842 Su

343 2858 483 2915 anecdota
499 2876 528 2931 p.
543 2864 569 2917 1.
610 2858 668 2932 ipsi
687 2859 859 2931 Pythagorei
882 2859 1049 2915 dicebantur
1070 2860 1223 2915 κανονικοί

342 2928 500 3059 &msice
530 2933 561 2986 et
587 2929 724 3001 Dionysio
754 2931 832 3003 apud
858 2930 898 2987 Po
932 2929 1045 3001 hyrium
1071 2929 1102 2985 in
1124 2928 1232 2986 Ptole

396 3006 458 3059 2⁶⁶1.
494 3000 573 3058 idem
589 3005 715 3058 testatur
732 3002 883 3073 Dionysius
901 3008 911 3073 (
934 3001 1121 3072 s.-Bacchius)
1139 3007 1211 3069 §²⁹-

414 3082 432 3131 ⁸
449 3072 538 3130 uina·
556 3075 692 3144 aequales
711 3076 830 3131 chordas
850 3079 981 3130 extensas
997 3077 1027 3129 et
1041 3072 1168 3146 qrulsatas
1183 3091 1227 3129 ess

342 3145 388 3202 bit
403 3145 545 3203 Adrastus
564 3146 642 3219 apud
660 3146 802 3203 Tbeonem
819 3153 861 3216 12,
901 3152 957 3203 ,59
975 3146 1042 3202 Hill.

414 3216 566 3275 silicem
586 3223 629 3273 10.
662 3237 689 3289 p.
711 3225 753 3288 lo,
770 3219 836 3275 sn.
880 3166 959 3274 lheo
1004 3263 1010 3274 .
1035 3225 1077 3274 67.
1102 3223 1145 3273 60.
1172 3222 1214 3274 61.

342 3289 443 3347 modos
459 3289 600 3347 metiendi
617 3289 755 3345 describit
767 3290 903 3345 Aelianus
920 3238 1083 3417 affiiorph.
1099 3296 1160 3358 ulo,
1179 3288 1223 3344 b'

344 3360 516 3490 'imm
533 3378 593 3419 una
610 3361 693 3419 tibia.
716 3361 905 3445 etProblem.
994 3368 1037 3417 2³.
1060 3364 1140 3445 'certe
1153 3360 1224 3415 null

344 3450 362 3490 o
543 3450 632 3505 quam
655 3436 688 3488 ut
707 3437 832 3489 rationes
850 3437 991 3503 nosceret,
1015 3433 1161 3491 Philolaus
1180 3436 1226 3489 art

342 3522 459 3579 operam
476 3506 571 3577 dedit,
589 3522 643 3562 nec
660 3506 807 3576 Archytas.
845 3506 946 3562 Athen.
966 3506 1006 3560 lv
1020 3511 1062 3561 84.
