2466 3870
94 62 220 173 ''us'‘
467 40 1155 189 n.rensuum<‚²‘²'³·2·Js···:²'-.‘:·†·²-=2142·

109 270 245 355 sophum
285 260 414 351 referet,
452 286 493 329 ne
528 262 707 347 Archytam
745 262 993 354 Democritum,
1028 267 1119 353 ipsos

110 374 329 459 Pythagoreos
346 370 387 435 ab
405 369 517 434 codem
536 368 660 434 lsudsri
679 368 773 435 dicet
799 374 901 437 restet
912 370 1118 459 Xenocrates,

109 481 161 545 cui
183 478 255 563 quis
277 475 413 540 forsitan
434 473 491 539 illu
513 473 673 539 vindicare
695 473 783 539 velit
817 478 854 540 ct
874 474 929 541 lric
949 477 986 541 in
1005 500 1119 561 paren-

108 583 193 647 thesi
223 602 296 645 cum
327 578 426 645 verbo
457 582 563 665 φησίν
593 580 712 647 eltutus
736 600 805 646 non
830 580 878 647 ite
903 584 980 647 ente
1004 582 1119 649 oculos

106 686 282 773 legentium
309 688 467 773 versutus,
493 689 531 751 ut
555 686 686 753 nomine
711 707 780 753 non
805 686 944 773 repetito
969 706 1009 751 er
1034 708 1118 771 quse

106 794 284 877 sequnntur
304 791 346 857 ed
367 792 454 859 hunc
474 792 587 859 referri
607 793 741 880 possint.
785 795 819 859 et
840 790 988 879 qumvis
1004 792 1118 879 magni

105 897 288 963 aestimaret
305 897 500 965 Xenocrates
521 920 672 967 numeros
694 903 728 966 et
748 918 957 965 numerorum
977 896 1119 984 discipli·

105 1023 193 1089 num,
220 1003 260 1069 de
285 1006 407 1073 musice
428 1006 512 1073 nihil
532 1027 676 1093 unquam
696 1006 834 1091 scripsit
878 1006 978 1073 immo
1000 1005 1118 1091 quovis

105 1130 167 1197 ego
192 1110 328 1199 pignore
353 1112 544 1179 contendam
564 1134 723 1179 summam
744 1132 869 1198 corum
895 1132 978 1197 quse
998 1132 1031 1197 p.
1048 1112 1116 1181 213

105 1212 284 1284 Heraclidis
310 1218 440 1285 nomine
463 1217 721 1303 introducentur,
747 1216 789 1283 cd
810 1216 898 1283 hunc
917 1218 1025 1303 ipsum
1046 1238 1119 1283 eme

104 1323 342 1389 revocendsm.¹
388 1328 423 1389 et
457 1324 586 1389 initium
620 1323 660 1387 tlt
690 1344 710 1387 c
739 1320 853 1387 subtili
881 1320 940 1387 ills
965 1326 1118 1389 motuum

104 1426 310 1495 distinctione
336 1426 417 1517 (213
440 1426 525 1516 ini),
552 1431 719 1514 ponuntur
745 1427 836 1515 φορά
864 1430 899 1493 et
925 1425 1117 1513 ἀλλοίωσις,

104 1532 191 1599 illius
212 1535 329 1599 iterum
351 1534 584 1621 dignoscuntur
605 1531 686 1597 duee
707 1532 842 1617 formae,
863 1535 903 1599 ut
921 1554 974 1599 res
988 1554 1119 1601 moves·

104 1641 159 1703 tur
181 1641 294 1705 autin
315 1639 434 1705 circulo
457 1638 620 1704 cutlinee
641 1638 775 1724 directe,
797 1639 832 1704 in
854 1639 974 1705 circulo
997 1660 1117 1727 corpus

89 1745 226 1810 'moveri
249 1744 366 1810 (licitur
386 1747 444 1810 snt
461 1745 507 1810 ite
524 1748 563 1809 ut
578 1744 813 1832 progredietur,
834 1748 893 1812 sut
909 1748 949 1811 ut
965 1746 1118 1813 volvetur

105 1850 188 1915 circs
210 1872 310 1916 exem.
355 1851 407 1917 cui
429 1850 508 1917 hceo
529 1850 683 1916 libentius
705 1851 830 1917 auctori
851 1852 994 1917 ascribes
1015 1874 1116 1937 qnam

104 1956 134 2021 ei
166 1958 221 2042 qui
248 1956 396 2023 Hicetem
427 1960 460 2022 et
488 1957 692 2042 Ecphsntum
723 1961 851 2023 secutus
882 1961 1003 2023 terrem
1029 1960 1116 2025 circs

103 2084 194 2127 exem
217 2062 302 2127 volvi
323 2060 498 2128 docebst‘l³
528 2083 566 2127 ec
588 2067 714 2147 prester
732 2064 1004 2128 intermissionum
1022 2063 1114 2130 illem

104 2167 280 2234 doctrinam
303 2168 365 2234 hoc
386 2191 513 2254 quoque
531 2170 615 2233 inter
633 2168 792 2253 Porphyri
810 2173 996 2254 excerptum
1014 2167 1114 2259 (213)

103 2279 135 2339 et
169 2273 243 2359 περὶ
280 2274 451 2341 &ccccmo
482 2275 626 2340 libellum
658 2276 819 2360 convenit,
855 2274 943 2361 qnod
975 2279 1114 2362 uterque

100 2382 239 2465 scriptor
264 2384 372 2446 motus
398 2385 431 2446 et
453 2383 671 2466 percussiones
694 2404 846 2447 sonorum
868 2386 956 2447 rectu
977 2384 1113 2470 regione

173 2667 187 2714 1
206 2660 360 2717 Democriti
373 2661 408 2717 de
423 2661 525 2716 atomis
539 2661 697 2717 doctrinam
710 2661 872 2716 Heraclides
888 2678 935 2716 sm
954 2661 1034 2717 lexus
1048 2680 1112 2720 esse

101 2730 204 2785 dicitur
236 2748 253 2785 a
284 2731 418 2802 Dionysio
451 2732 525 2803 spud
558 2732 710 2786 Eusebium
761 2749 835 2787 ree.
863 2749 906 2789 er.
1016 2739 1064 2803 88,
1084 2741 1112 2790 8.

100 2801 375 2929 Ἐέἓέειᾱοιοςηρὴί
397 2808 457 2859 252.
495 2802 584 2858 Zeller
607 2802 740 2874 Philosop
762 2803 787 2858 ‘e
805 2751 855 2859 ier
873 2803 1011 2860 Gricchen
1028 2805 1112 2903 111⁴3

172 2958 188 3006 2
208 2951 269 3018 Qus
286 2952 317 3008 in
334 2970 364 3008 re
383 2953 489 3009 socium
505 2952 596 3008 hsbeo
610 2952 715 3009 Roulez
729 2954 765 3010 de
778 2953 839 3010 vitu
853 2957 882 3010 et
896 2953 1008 3025 scriptis
1021 2953 1111 3010 Here·

100 3021 184 3078 clidis
203 3023 313 3079 Pontici
331 3024 446 3093 (lovan.
466 3026 545 3094 1818)
564 3042 591 3095 p.
606 3030 648 3079 98.

172 3108 188 3156 8
212 3102 323 3158 Scholia
349 3103 381 3158 in
401 3102 582 3159 Aristotelem
604 3122 631 3174 p.
651 3109 703 3158 605
725 3106 756 3159 et
777 3109 829 3159 808
887 3103 954 3160 erol
976 3104 1033 3161 rol.
1051 3105 1110 3175 IV).

99 3171 286 3244 Schicpcrelli
299 3173 331 3229 in
343 3174 551 3230 Pubblicosioni
564 3176 607 3230 det
620 3177 796 3231 osserouton'c
810 3175 842 3230 di
890 3175 1110 3244 8080187888.

100 3242 191 3299 Zeller
213 3245 425 3315 111‚1ose‚s.
461 3244 554 3300 Solem
579 3244 606 3300 ci
627 3245 715 3300 trisse
737 3262 785 3301 cor
807 3247 837 3300 et
859 3248 986 3301 centrum
1009 3246 1110 3301 mnndi

101 3315 275 3371 demonstrat
292 3317 322 3371 et
339 3313 499 3370 chalcidius
518 3315 548 3368 in
566 3315 712 3370 Timaeum
730 3323 746 3383 §
763 3322 820 3373 108.
857 3332 1030 3386 quemquem
1046 3316 1110 3372 vul-

97 3385 163 3456 gari
189 3386 314 3512 offinieni
338 3386 605 3468 accomodatus-hic
628 3390 726 3442 auctor
749 3387 825 3458 spud
846 3387 1033 3458 Porphyrium
1055 3392 1112 3444 214

100 3473 162 3527 sup.
181 3474 211 3513 so
224 3475 267 3513 em
286 3457 382 3513 lunam
401 3460 478 3512 estre
496 3457 566 3512 dicrt
583 3457 645 3512 loco
663 3458 777 3514 moveri.
