2466 3870
102 85 192 180 xxvi
392 115 434 171 D'e
452 112 597 170 codicibus
615 109 823 204 manuscriptis.
903 132 909 137 ·
953 134 961 141 ·
1007 124 1012 130 '

65 297 83 338 ι.
103 285 242 358 optimae.
276 283 409 341 Euclidis
432 283 533 338 autem
556 279 697 336 lectiones
721 276 751 333 in
775 278 814 332 W
838 281 889 353 qui
902 286 1047 341 accurate
1071 283 1117 340 in-

65 372 86 433 Β)
102 373 242 446 spexerit,
270 371 401 446 proxime
430 368 531 424 abesse
559 364 673 422 videbit
700 380 718 419 a
741 363 886 423 Marciani
913 369 1009 428 forma
1036 371 1113 428 anti-

103 461 252 534 quissima.
299 454 550 531 diagrammatom
580 450 659 508 enim
682 453 815 509 veterum
840 454 983 528 quidquid
1006 459 1117 516 mansit

102 549 133 605 in
152 548 190 620 M,
214 547 245 603 id
268 544 345 601 redit
367 541 397 598 in
417 540 468 612 W3
492 540 617 596 eandem
639 538 729 596 habes
753 539 785 595 in
808 544 883 612 prot.
905 544 923 597 2
949 543 1058 602 lineam
1076 546 1113 602 ad

102 635 284 692 horizontem
303 629 446 685 directam
459 631 490 684 et
506 627 585 685 inter
597 627 701 685 eadem
715 629 813 685 textus
829 627 918 685 verba
932 629 1113 704 inscriptam,

102 739 154 778 nec
177 718 318 774 differunt
340 715 566 793 diagrammatis
588 716 732 793 reliquiae
752 716 783 774 in
802 718 877 792 prot.
899 719 917 775 3
939 718 1113 788 delineatae,

102 811 132 864 et
158 808 193 862 ut
219 804 331 862 factum
358 804 492 864 videmus
519 806 551 864 in
577 805 621 881 M,
649 806 700 864 ubi
727 825 788 864 non
814 806 844 864 vi
872 806 974 882 aliqua
1001 809 1113 866 veteres

102 893 244 968 reliquiae
264 912 364 952 erasae
384 897 461 969 sunt,
480 898 515 953 nt
533 896 660 953 lineolae
680 895 787 970 quibus
803 914 913 973 magna
928 896 1006 954 linea
1020 896 1115 953 divisa

101 985 166 1039 erat
180 981 308 1041 abierint
320 983 351 1041 in
366 983 498 1042 litteram
513 1006 524 1042 ι
538 985 734 1061 leganturque
749 985 863 1042 numeri
873 1003 892 1041 a
902 985 1112 1043 mathematica

100 1071 215 1129 ratione
235 1072 409 1136 alienissimi
428 1065 473 1151 (ιδ
490 1072 516 1132 ιζ
532 1065 585 1152 ιθ),
604 1072 636 1129 id
653 1072 684 1129 in
695 1071 861 1146 Wsaepius
880 1073 972 1130 etiam
990 1077 1116 1148 apparet

102 1152 143 1239 (v.
167 1164 242 1235 prot.
264 1163 281 1218 5
302 1165 333 1218 et
352 1154 395 1239 9).
433 1178 500 1218 cum
522 1160 555 1217 in
577 1159 621 1217 IV
643 1160 757 1234 protasi
780 1161 904 1235 uterque
928 1161 1049 1218 omittat
1072 1158 1112 1236 μὴ

100 1249 326 1325 πολλαπλάσιον,
346 1266 412 1307 cum
427 1249 457 1305 in
472 1248 702 1306 demonstranda
717 1251 793 1322 prot.
808 1247 853 1305 VI
866 1248 983 1306 easdem
997 1249 1113 1307 litteras

101 1337 243 1395 omittant
278 1336 414 1412 idemque
451 1336 582 1394 habeant
616 1336 776 1414 glossema,
820 1337 1046 1412 conspirentque
1084 1339 1113 1394 in

100 1424 276 1482 lectionibus
298 1421 350 1484 τὸν
372 1423 484 1502 ἥμισυν
509 1425 581 1497 155,
598 1435 644 1498 15,
666 1423 838 1502 τιυράμεσον
862 1427 982 1497 164,16
1006 1425 1058 1497 al,
1082 1425 1112 1482 in

101 1512 196 1570 forma
219 1513 333 1571 numeri
352 1515 384 1583 ἢ
407 1531 483 1588 quae
507 1512 583 1570 abiit
605 1512 637 1570 in
659 1526 685 1587 ψ
712 1513 783 1585 158,
800 1524 830 1585 4,
853 1512 1001 1586 iidemque
1025 1512 1112 1569 omit-

101 1604 168 1658 tant
195 1598 239 1659 ἓυὶ
265 1600 363 1660 αὐτῶν
391 1599 456 1658 ἴσον
485 1601 624 1672 165,11,
648 1600 784 1657 dubitare
808 1619 893 1657 nemo
919 1603 1017 1673 potest
1040 1601 1111 1675 quin

100 1689 139 1745 W
166 1692 201 1746 et
228 1682 272 1745 M1
295 1709 335 1746 ex
361 1706 428 1746 uno
457 1687 648 1762 eodemque
677 1687 775 1747 fonte
804 1688 998 1745 manaverint.
1051 1689 1112 1746 iam

100 1795 167 1836 cum
203 1776 346 1834 Marciani
383 1776 494 1833 vetusti
530 1778 702 1837 contextum
739 1776 777 1834 ad
814 1775 952 1835 Vaticani
991 1777 1111 1835 minoris

100 1864 251 1939 exemplar
277 1864 400 1938 exprimi
428 1863 511 1922 nullo
535 1864 623 1922 modo
647 1865 791 1938 potuerit,
814 1866 946 1923 nascitur
969 1866 1112 1940 quaestio,

101 1954 177 2012 sitne
205 1953 253 2010 hic
281 1956 378 2010 textus
402 1973 437 2010 er
460 1952 513 2011 illo
537 1953 730 2028 depromptus
754 1973 792 2010 an
816 1953 853 2010 ad
878 1955 999 2011 tertium
1022 1974 1112 2028 quen-

101 2042 170 2099 dam
193 2041 305 2100 fontem
328 2042 481 2116 utriusque
506 2041 590 2118 origo
613 2042 786 2100 revocanda.
826 2046 895 2099 sunt
916 2045 1016 2099 autem
1034 2043 1112 2099 haud

100 2148 197 2205 pauca
224 2149 299 2204 quae
328 2130 358 2186 in
381 2130 418 2186 iis
441 2130 593 2202 differant,
620 2132 655 2186 ut
677 2129 821 2187 Marciani
848 2130 925 2186 filius
950 2130 1111 2188 Vaticanus

101 2219 201 2294 putari
225 2237 283 2276 non
307 2219 408 2292 possit.
450 2220 484 2275 ut
507 2218 539 2275 in
561 2217 656 2275 libelli
679 2218 765 2276 initio

101 2307 128 2365 εί
149 2303 255 2384 ἡσυχία
277 2306 322 2383 εἴη
346 2307 435 2365 habet
458 2301 510 2379 Ml,
633 2302 757 2383 ἡσυχίας
780 2304 871 2382 οὔσης
896 2307 946 2380 W,

102 2395 173 2455 ὥστε
196 2393 295 2471 ἐπειδὴ
460 2396 580 2468 148,c,
635 2394 731 2474 οίμε,

101 2484 244 2554 τοιούτοις
446 2486 579 2557 149,14,
635 2483 777 2553 τοιούτοις
799 2483 911 2561 λόγοις,

102 2569 217 2648 ἔμαθον
465 2573 536 2644 151,
551 2583 580 2645 9,
635 2568 800 2648 ἐμάθομεν,

102 2656 184 2737 μέσοι
200 2656 449 2736 ...ἐμπεσοῦνται
465 2662 536 2733 152,
552 2671 581 2733 2,
636 2656 723 2735 μίσος
743 2704 771 2717 ..
787 2704 793 2718 .
812 2657 988 2737 ἐμπεσεῖται,

102 2747 167 2807 ὅσοι
189 2745 221 2807 δὲ
243 2747 285 2819 είς
466 2751 581 2822 153,1,
636 2746 700 2806 ὅσοι
724 2744 754 2807 δὲ
778 2741 862 2829 (lac.)
886 2749 939 2824 εἰς,

101 2834 237 2914 ἡμιολίου
264 2860 291 2895 ιι.
321 2834 352 2895 ἐκ
380 2846 432 2895 τοῦ
633 2834 779 2915 ἐπιτρίτου
817 2838 922 2914 μορίου
953 2835 1001 2895 καὶ
1029 2833 1111 2912 ἡμιο-

273 2923 419 2999 ἕττιτοίτου
444 2927 578 2999 154,16,
677 2925 751 2984 λίου.

169 3014 279 3082 Quodsi
307 3035 334 3088 p.
353 3017 453 3086 149,1
482 3014 651 3072 universam
679 3015 857 3071 sententiam
881 3014 911 3070 in
935 3008 978 3070 Μι
1002 3013 1109 3070 videris

102 3103 248 3176 omissam,
272 3103 303 3159 in
327 3103 365 3157 W
388 3103 542 3176 scriptam,
570 3103 657 3161 facile
681 3102 821 3161 concedes
845 3121 903 3160 non
927 3122 962 3159 ex
985 3103 1048 3176 ipso
1072 3102 1111 3176 M,

102 3191 152 3249 sed
179 3212 214 3249 ex
241 3191 328 3248 huius
357 3191 457 3265 aliquo
485 3191 653 3267 propinquo
682 3191 735 3248 aut
762 3191 859 3264 ipsum
883 3191 922 3247 W
945 3194 997 3248 aut
1024 3191 1111 3248 huius

102 3280 294 3354 archetypum
318 3298 379 3337 esse
404 3279 576 3355 profectum.
624 3298 698 3354 quae
723 3299 789 3338 cum
813 3268 952 3353 ita'sint,
977 3280 1111 3354 quamvis

102 3369 291 3445 neglegenter
312 3368 350 3425 W
373 3369 500 3442 scriptus
524 3369 564 3426 sit
586 3369 757 3442 mendisque
781 3368 897 3426 laboret
920 3386 977 3426 non
1001 3369 1111 3442 pauciS,

101 3458 230 3515 maxima
253 3462 353 3514 tamen
372 3459 434 3515 eius
454 3460 499 3514 est
519 3457 651 3533 dignitas
669 3461 707 3531 et,
727 3456 893 3531 ubicunque
913 3477 948 3514 ex
966 3457 997 3513 M
1016 3458 1112 3530 prisca
