<?xml version="1.0" encoding="UTF-8"?>
<!DOCTYPE html PUBLIC "-//W3C//DTD XHTML 1.0 Transitional//EN"
    "http://www.w3.org/TR/xhtml1/DTD/xhtml1-transitional.dtd">
<html xmlns="http://www.w3.org/1999/xhtml" xml:lang="en" lang="en">
 <head>
  <title>
</title>
<meta http-equiv="Content-Type" content="text/html;charset=utf-8" />
  <meta name='ocr-system' content='tesseract 3.04.00' />
  <meta name='ocr-capabilities' content='ocr_page ocr_carea ocr_par ocr_line ocrx_word'/>
</head>
<body>
  <div class='ocr_page' id='page_1' title='image "./musiciscriptore00jangoog_0272.png"; bbox 0 0 2466 3870; ppageno 0'>
   <div class='ocr_carea' id='block_1_1' title="bbox 558 129 1126 204">
    <p class='ocr_par' dir='ltr' id='par_1_1' title="bbox 558 129 1126 204">
     <span class='ocr_line' id='line_1_1' title="bbox 558 129 1126 204; baseline 0.009 -18"><span class='ocrx_word' id='word_1_1' title='bbox 558 134 685 204; x_wconf 80' lang='lat' dir='ltr'><strong>isagoge.</strong></span> <span class='ocrx_word' id='word_1_2' title='bbox 1065 129 1126 191; x_wconf 80' lang='grc'><strong>111</strong></span> 
     </span>
    </p>
   </div>
   <div class='ocr_carea' id='block_1_2' title="bbox 105 294 1131 1861">
    <p class='ocr_par' dir='ltr' id='par_1_2' title="bbox 105 294 1131 1861">
     <span class='ocr_line' id='line_1_2' title="bbox 107 294 1130 381; baseline -0.003 -21"><span class='ocrx_word' id='word_1_3' title='bbox 107 296 205 360; x_wconf 81' lang='lat' dir='ltr'><strong>uliam</strong></span> <span class='ocrx_word' id='word_1_4' title='bbox 224 294 327 379; x_wconf 86' lang='lat' dir='ltr'><strong>Puppi</strong></span> <span class='ocrx_word' id='word_1_5' title='bbox 335 297 353 381; x_wconf 81' lang='lat'><strong>¹,</strong></span> <span class='ocrx_word' id='word_1_6' title='bbox 376 297 526 363; x_wconf 82' lang='lat' dir='ltr'><strong>accedere</strong></span> <span class='ocrx_word' id='word_1_7' title='bbox 545 299 601 381; x_wconf 92' lang='lat' dir='ltr'><strong>qui</strong></span> <span class='ocrx_word' id='word_1_8' title='bbox 621 298 742 362; x_wconf 86' lang='lat' dir='ltr'>Zosimi</span> <span class='ocrx_word' id='word_1_9' title='bbox 761 297 868 361; x_wconf 67' lang='lat' dir='ltr'><strong>(hoaut</strong></span> <span class='ocrx_word' id='word_1_10' title='bbox 887 296 938 361; x_wconf 83' lang='lat' dir='ltr'><strong>vel</strong></span> <span class='ocrx_word' id='word_1_11' title='bbox 956 294 1130 379; x_wconf 79' lang='lat' dir='ltr'><strong>Anonymo</strong></span> 
     </span>
     <span class='ocr_line' id='line_1_3' title="bbox 107 400 1131 469; baseline 0.001 -3"><span class='ocrx_word' id='word_1_12' title='bbox 107 400 256 467; x_wconf 90' lang='lat' dir='ltr'><strong>libellum</strong></span> <span class='ocrx_word' id='word_1_13' title='bbox 279 402 451 469; x_wconf 78' lang='lat' dir='ltr'>vindicent.</span> <span class='ocrx_word' id='word_1_14' title='bbox 496 404 562 469; x_wconf 89' lang='lat' dir='ltr'><strong>iam</strong></span> <span class='ocrx_word' id='word_1_15' title='bbox 584 407 624 467; x_wconf 90' lang='lat' dir='ltr'><strong>ut</strong></span> <span class='ocrx_word' id='word_1_16' title='bbox 646 406 771 467; x_wconf 69' lang='lat' dir='ltr'><strong>sesam</strong></span> <span class='ocrx_word' id='word_1_17' title='bbox 793 402 833 467; x_wconf 89' lang='lat' dir='ltr'><strong>de</strong></span> <span class='ocrx_word' id='word_1_18' title='bbox 855 402 976 467; x_wconf 81' lang='lat' dir='ltr'>Zosimi</span> <span class='ocrx_word' id='word_1_19' title='bbox 997 400 1131 467; x_wconf 88' lang='lat' dir='ltr'><strong>nomine</strong></span> 
     </span>
     <span class='ocr_line' id='line_1_4' title="bbox 107 506 1130 594; baseline 0 -22"><span class='ocrx_word' id='word_1_20' title='bbox 107 507 196 592; x_wconf 88' lang='lat' dir='ltr'><strong>quod</strong></span> <span class='ocrx_word' id='word_1_21' title='bbox 218 530 259 575; x_wconf 91' lang='lat' dir='ltr'><strong>ex</strong></span> <span class='ocrx_word' id='word_1_22' title='bbox 276 511 516 594; x_wconf 74' lang='lat' dir='ltr'><strong>subscriptione</strong></span> <span class='ocrx_word' id='word_1_23' title='bbox 533 512 644 573; x_wconf 87' lang='lat' dir='ltr'><strong>ortum</strong></span> <span class='ocrx_word' id='word_1_24' title='bbox 665 528 735 573; x_wconf 87' lang='lat' dir='ltr'><strong>esse</strong></span> <span class='ocrx_word' id='word_1_25' title='bbox 751 506 911 591; x_wconf 76' lang='lat' dir='ltr'><strong>apparet²,</strong></span> <span class='ocrx_word' id='word_1_26' title='bbox 934 509 1008 592; x_wconf 91' lang='lat' dir='ltr'><strong>quis</strong></span> <span class='ocrx_word' id='word_1_27' title='bbox 1024 508 1130 574; x_wconf 81' lang='lat' dir='ltr'><strong>nescit</strong></span> 
     </span>
     <span class='ocr_line' id='line_1_5' title="bbox 106 612 1129 701; baseline -0.002 -20"><span class='ocrx_word' id='word_1_28' title='bbox 106 614 256 701; x_wconf 76' lang='lat' dir='ltr'><strong>Pappum</strong></span> <span class='ocrx_word' id='word_1_29' title='bbox 269 616 526 683; x_wconf 77' lang='lat' dir='ltr'><strong>Alexandrinum</strong></span> <span class='ocrx_word' id='word_1_30' title='bbox 543 612 645 679; x_wconf 86' lang='lat' dir='ltr'><strong>fuisso</strong></span> <span class='ocrx_word' id='word_1_31' title='bbox 662 614 827 681; x_wconf 88' lang='lat' dir='ltr'><strong>hominem</strong></span> <span class='ocrx_word' id='word_1_32' title='bbox 840 613 1129 679; x_wconf 78' lang='lat' dir='ltr'><strong>mathematicum?</strong></span> 
     </span>
     <span class='ocr_line' id='line_1_6' title="bbox 106 722 1130 811; baseline -0.005 -22"><span class='ocrx_word' id='word_1_33' title='bbox 106 722 285 790; x_wconf 88' lang='lat' dir='ltr'><strong>Ptolemaei</strong></span> <span class='ocrx_word' id='word_1_34' title='bbox 304 722 358 787; x_wconf 89' lang='lat' dir='ltr'><strong>ille</strong></span> <span class='ocrx_word' id='word_1_35' title='bbox 375 722 478 786; x_wconf 88' lang='lat' dir='ltr'><strong>libros</strong></span> <span class='ocrx_word' id='word_1_36' title='bbox 496 722 744 787; x_wconf 85' lang='lat' dir='ltr'><strong>mathematicos</strong></span> <span class='ocrx_word' id='word_1_37' title='bbox 758 727 792 787; x_wconf 90' lang='lat' dir='ltr'><strong>et</strong></span> <span class='ocrx_word' id='word_1_38' title='bbox 804 722 1017 811; x_wconf 88' lang='lat' dir='ltr'><strong>astrologicos</strong></span> <span class='ocrx_word' id='word_1_39' title='bbox 1031 722 1130 786; x_wconf 90' lang='lat' dir='ltr'><strong>inter-</strong></span> 
     </span>
     <span class='ocr_line' id='line_1_7' title="bbox 106 828 1128 917; baseline -0.004 -20"><span class='ocrx_word' id='word_1_40' title='bbox 106 835 255 917; x_wconf 88' lang='lat' dir='ltr'><strong>pretatus</strong></span> <span class='ocrx_word' id='word_1_41' title='bbox 277 833 336 913; x_wconf 83' lang='lat' dir='ltr'><strong>est,</strong></span> <span class='ocrx_word' id='word_1_42' title='bbox 358 828 546 895; x_wconf 75' lang='lat' dir='ltr'><strong>harmonica</strong></span> <span class='ocrx_word' id='word_1_43' title='bbox 569 830 668 895; x_wconf 91' lang='lat' dir='ltr'><strong>etism</strong></span> <span class='ocrx_word' id='word_1_44' title='bbox 686 830 918 895; x_wconf 87' lang='lat' dir='ltr'><strong>commentario</strong></span> <span class='ocrx_word' id='word_1_45' title='bbox 937 829 1128 895; x_wconf 71' lang='lat' dir='ltr'><strong>instruxisse</strong></span> 
     </span>
     <span class='ocr_line' id='line_1_8' title="bbox 107 934 1128 1026; baseline -0.003 -21"><span class='ocrx_word' id='word_1_46' title='bbox 107 938 251 1005; x_wconf 88' lang='lat' dir='ltr'><strong>creditur</strong></span> <span class='ocrx_word' id='word_1_47' title='bbox 264 936 308 1026; x_wconf 83' lang='lat' dir='ltr'><strong>(v.</strong></span> <span class='ocrx_word' id='word_1_48' title='bbox 321 958 420 1021; x_wconf 88' lang='lat' dir='ltr'><strong>supra</strong></span> <span class='ocrx_word' id='word_1_49' title='bbox 434 959 464 1021; x_wconf 90' lang='lat' dir='ltr'><strong>p.</strong></span> <span class='ocrx_word' id='word_1_50' title='bbox 481 938 544 1003; x_wconf 85' lang='lat'><strong>116</strong></span> <span class='ocrx_word' id='word_1_51' title='bbox 555 935 630 1023; x_wconf 81' lang='lat' dir='ltr'><strong>am),</strong></span> <span class='ocrx_word' id='word_1_52' title='bbox 645 936 728 1000; x_wconf 85' lang='lat' dir='ltr'><strong>hunc</strong></span> <span class='ocrx_word' id='word_1_53' title='bbox 741 934 928 1001; x_wconf 72' lang='lat' dir='ltr'><strong>Aristoxeni</strong></span> <span class='ocrx_word' id='word_1_54' title='bbox 947 934 1128 1001; x_wconf 86' lang='lat' dir='ltr'><strong>doctrinam</strong></span> 
     </span>
     <span class='ocr_line' id='line_1_9' title="bbox 106 1042 1129 1127; baseline -0.001 -17"><span class='ocrx_word' id='word_1_55' title='bbox 106 1067 127 1110; x_wconf 86' lang='lat' dir='ltr'><strong>s</strong></span> <span class='ocrx_word' id='word_1_56' title='bbox 159 1065 369 1110; x_wconf 87' lang='lat' dir='ltr'><strong>numerorum</strong></span> <span class='ocrx_word' id='word_1_57' title='bbox 405 1042 538 1109; x_wconf 75' lang='lat' dir='ltr'><strong>calculis</strong></span> <span class='ocrx_word' id='word_1_58' title='bbox 574 1042 802 1109; x_wconf 77' lang='lat' dir='ltr'><strong>abhorrentem</strong></span> <span class='ocrx_word' id='word_1_59' title='bbox 837 1042 1022 1127; x_wconf 89' lang='lat' dir='ltr'><strong>amplexum</strong></span> <span class='ocrx_word' id='word_1_60' title='bbox 1059 1064 1129 1109; x_wconf 86' lang='lat' dir='ltr'><strong>esse</strong></span> 
     </span>
     <span class='ocr_line' id='line_1_10' title="bbox 105 1148 1128 1239; baseline -0.003 -22"><span class='ocrx_word' id='word_1_61' title='bbox 105 1172 200 1239; x_wconf 85' lang='lat' dir='ltr'><strong>nego.</strong></span> <span class='ocrx_word' id='word_1_62' title='bbox 251 1150 412 1217; x_wconf 83' lang='lat' dir='ltr'><strong>contrarie</strong></span> <span class='ocrx_word' id='word_1_63' title='bbox 443 1171 495 1215; x_wconf 92' lang='lat' dir='ltr'><strong>res</strong></span> <span class='ocrx_word' id='word_1_64' title='bbox 527 1170 562 1215; x_wconf 90' lang='lat' dir='ltr'><strong>se</strong></span> <span class='ocrx_word' id='word_1_65' title='bbox 593 1148 694 1215; x_wconf 89' lang='lat' dir='ltr'><strong>habet</strong></span> <span class='ocrx_word' id='word_1_66' title='bbox 726 1148 931 1215; x_wconf 86' lang='lat' dir='ltr'><strong>Cleonidis.</strong></span> <span class='ocrx_word' id='word_1_67' title='bbox 984 1171 1061 1215; x_wconf 89' lang='lat' dir='ltr'><strong>nam</strong></span> <span class='ocrx_word' id='word_1_68' title='bbox 1093 1150 1128 1215; x_wconf 89' lang='lat' dir='ltr'><strong>in</strong></span> 
     </span>
     <span class='ocr_line' id='line_1_11' title="bbox 105 1254 1128 1345; baseline -0.005 -19"><span class='ocrx_word' id='word_1_69' title='bbox 105 1256 295 1325; x_wconf 78' lang='lat' dir='ltr'><strong>Aristoxeni</strong></span> <span class='ocrx_word' id='word_1_70' title='bbox 310 1257 420 1325; x_wconf 85' lang='lat' dir='ltr'><strong>codice</strong></span> <span class='ocrx_word' id='word_1_71' title='bbox 432 1257 543 1342; x_wconf 84' lang='lat' dir='ltr'><strong>aliquo</strong></span> <span class='ocrx_word' id='word_1_72' title='bbox 557 1256 766 1345; x_wconf 88' lang='lat' dir='ltr'><strong>Lugdunensi</strong></span> <span class='ocrx_word' id='word_1_73' title='bbox 779 1254 939 1322; x_wconf 82' lang='lat' dir='ltr'><strong>Vossiauo</strong></span> <span class='ocrx_word' id='word_1_74' title='bbox 953 1277 1034 1322; x_wconf 81' lang='lat' dir='ltr'><strong>saec</strong></span> <span class='ocrx_word' id='word_1_75' title='bbox 1048 1254 1128 1321; x_wconf 87' lang='lat' dir='ltr'><strong>XVI</strong></span> 
     </span>
     <span class='ocr_line' id='line_1_12' title="bbox 106 1362 1128 1433; baseline -0.002 -2"><span class='ocrx_word' id='word_1_76' title='bbox 106 1364 148 1431; x_wconf 82' lang='lat' dir='ltr'><strong>sd</strong></span> <span class='ocrx_word' id='word_1_77' title='bbox 182 1365 305 1433; x_wconf 88' lang='lat' dir='ltr'><strong>multos</strong></span> <span class='ocrx_word' id='word_1_78' title='bbox 339 1366 421 1431; x_wconf 87' lang='lat' dir='ltr'><strong>artis</strong></span> <span class='ocrx_word' id='word_1_79' title='bbox 455 1364 663 1431; x_wconf 79' lang='lat' dir='ltr'><strong>harmonicae</strong></span> <span class='ocrx_word' id='word_1_80' title='bbox 693 1363 783 1429; x_wconf 91' lang='lat' dir='ltr'><strong>locos</strong></span> <span class='ocrx_word' id='word_1_81' title='bbox 812 1367 911 1429; x_wconf 84' lang='lat' dir='ltr'><strong>notes</strong></span> <span class='ocrx_word' id='word_1_82' title='bbox 942 1362 1128 1429; x_wconf 86' lang='lat' dir='ltr'><strong>huiusmodi</strong></span> 
     </span>
     <span class='ocr_line' id='line_1_13' title="bbox 106 1466 1128 1558; baseline -0.006 -17"><span class='ocrx_word' id='word_1_83' title='bbox 106 1473 267 1558; x_wconf 70' lang='lat' dir='ltr'><strong>sscdptse</strong></span> <span class='ocrx_word' id='word_1_84' title='bbox 293 1475 383 1537; x_wconf 87' lang='lat' dir='ltr'><strong>sunt:</strong></span> <span class='ocrx_word' id='word_1_85' title='bbox 414 1472 575 1540; x_wconf 77' lang='lat' dir='ltr'><strong>Ktsovcd:</strong></span> <span class='ocrx_word' id='word_1_86' title='bbox 601 1476 670 1539; x_wconf 66' lang='lat' dir='ltr'><strong>cet</strong></span> <span class='ocrx_word' id='word_1_87' title='bbox 696 1492 719 1537; x_wconf 85' lang='lat' dir='ltr'><strong>u</strong></span> <span class='ocrx_word' id='word_1_88' title='bbox 745 1488 828 1557; x_wconf 71' lang='grc' dir='ltr'><strong><em>στιχ.</em></strong></span> <span class='ocrx_word' id='word_1_89' title='bbox 852 1493 892 1549; x_wconf 86' lang='grc' dir='ltr'><strong>ιγ.</strong></span> <span class='ocrx_word' id='word_1_90' title='bbox 937 1466 1128 1557; x_wconf 84' lang='lat' dir='ltr'><strong>(Marquard</strong></span> 
     </span>
     <span class='ocr_line' id='line_1_14' title="bbox 105 1576 1126 1667; baseline -0.003 -20"><span class='ocrx_word' id='word_1_91' title='bbox 105 1578 250 1647; x_wconf 71' lang='lat' dir='ltr'><strong>Aristox.</strong></span> <span class='ocrx_word' id='word_1_92' title='bbox 277 1601 308 1664; x_wconf 88' lang='lat' dir='ltr'><strong>p.</strong></span> <span class='ocrx_word' id='word_1_93' title='bbox 327 1577 417 1667; x_wconf 82' lang='lat'><strong>392.)</strong></span> <span class='ocrx_word' id='word_1_94' title='bbox 463 1602 544 1665; x_wconf 83' lang='lat' dir='ltr'><strong>quas</strong></span> <span class='ocrx_word' id='word_1_95' title='bbox 570 1582 666 1645; x_wconf 89' lang='lat' dir='ltr'><strong>notus</strong></span> <span class='ocrx_word' id='word_1_96' title='bbox 694 1576 875 1643; x_wconf 86' lang='lat' dir='ltr'><strong>referendas</strong></span> <span class='ocrx_word' id='word_1_97' title='bbox 900 1598 969 1643; x_wconf 90' lang='lat' dir='ltr'><strong>esse</strong></span> <span class='ocrx_word' id='word_1_98' title='bbox 990 1582 1126 1663; x_wconf 88' lang='lat' dir='ltr'><strong>apparet</strong></span> 
     </span>
     <span class='ocr_line' id='line_1_15' title="bbox 107 1684 1126 1773; baseline 0 -20"><span class='ocrx_word' id='word_1_99' title='bbox 107 1685 148 1752; x_wconf 82' lang='lat' dir='ltr'><strong>sd</strong></span> <span class='ocrx_word' id='word_1_100' title='bbox 178 1691 282 1753; x_wconf 89' lang='lat' dir='ltr'><strong>artem</strong></span> <span class='ocrx_word' id='word_1_101' title='bbox 314 1687 456 1773; x_wconf 77' lang='lat' dir='ltr'><strong>aliquam</strong></span> <span class='ocrx_word' id='word_1_102' title='bbox 483 1687 552 1752; x_wconf 86' lang='lat' dir='ltr'><strong>sive</strong></span> <span class='ocrx_word' id='word_1_103' title='bbox 579 1684 774 1769; x_wconf 80' lang='lat' dir='ltr'><strong>doctrinam,</strong></span> <span class='ocrx_word' id='word_1_104' title='bbox 806 1686 898 1751; x_wconf 88' lang='lat' dir='ltr'><strong>cuius</strong></span> <span class='ocrx_word' id='word_1_105' title='bbox 923 1685 986 1751; x_wconf 93' lang='lat' dir='ltr'><strong>loci</strong></span> <span class='ocrx_word' id='word_1_106' title='bbox 1014 1685 1126 1753; x_wconf 86' lang='lat' dir='ltr'><strong>endem</strong></span> 
     </span>
     <span class='ocr_line' id='line_1_16' title="bbox 105 1792 1127 1861; baseline -0.002 0"><span class='ocrx_word' id='word_1_107' title='bbox 105 1795 328 1861; x_wconf 74' lang='lat' dir='ltr'><strong>continuerint</strong></span> <span class='ocrx_word' id='word_1_108' title='bbox 353 1814 392 1859; x_wconf 82' lang='lat' dir='ltr'><strong>sc</strong></span> <span class='ocrx_word' id='word_1_109' title='bbox 418 1792 542 1859; x_wconf 78' lang='lat' dir='ltr'><strong>budsti</strong></span> <span class='ocrx_word' id='word_1_110' title='bbox 565 1792 615 1859; x_wconf 91' lang='grc'><strong>1111</strong></span> <span class='ocrx_word' id='word_1_111' title='bbox 636 1794 700 1859; x_wconf 91' lang='lat' dir='ltr'><strong>loci</strong></span> <span class='ocrx_word' id='word_1_112' title='bbox 723 1792 973 1859; x_wconf 82' lang='lat' dir='ltr'><strong>Aristoxeniani.</strong></span> <span class='ocrx_word' id='word_1_113' title='bbox 1019 1794 1053 1859; x_wconf 92' lang='lat' dir='ltr'><strong>in</strong></span> <span class='ocrx_word' id='word_1_114' title='bbox 1076 1816 1127 1859; x_wconf 92' lang='lat' dir='ltr'><strong>or·</strong></span> 
     </span>
    </p>
   </div>
   <div class='ocr_carea' id='block_1_3' title="bbox 8 1900 1127 1989">
    <p class='ocr_par' dir='ltr' id='par_1_3' title="bbox 8 1900 1127 1989">
     <span class='ocr_line' id='line_1_17' title="bbox 8 1900 1127 1989; baseline 0.001 -22"><span class='ocrx_word' id='word_1_115' title='bbox 8 1912 13 1919; x_wconf 85' lang='lat'><strong><em>‘</em></strong></span> <span class='ocrx_word' id='word_1_116' title='bbox 106 1901 214 1967; x_wconf 90' lang='lat' dir='ltr'><strong>dinem</strong></span> <span class='ocrx_word' id='word_1_117' title='bbox 241 1905 350 1967; x_wconf 85' lang='lat' dir='ltr'><strong>sutem</strong></span> <span class='ocrx_word' id='word_1_118' title='bbox 377 1901 435 1967; x_wconf 91' lang='lat' dir='ltr'><strong>ubi</strong></span> <span class='ocrx_word' id='word_1_119' title='bbox 463 1900 616 1989; x_wconf 80' lang='lat' dir='ltr'><strong>redegisti</strong></span> <span class='ocrx_word' id='word_1_120' title='bbox 644 1905 779 1967; x_wconf 91' lang='lat' dir='ltr'><strong>etcum</strong></span> <span class='ocrx_word' id='word_1_121' title='bbox 802 1900 864 1967; x_wconf 87' lang='lat' dir='ltr'><strong>huc</strong></span> <span class='ocrx_word' id='word_1_122' title='bbox 886 1900 1127 1968; x_wconf 87' lang='lat' dir='ltr'><strong>introductione</strong></span> 
     </span>
    </p>
   </div>
   <div class='ocr_carea' id='block_1_4' title="bbox 106 2006 1125 2311">
    <p class='ocr_par' dir='ltr' id='par_1_4' title="bbox 106 2006 1125 2311">
     <span class='ocr_line' id='line_1_18' title="bbox 106 2006 1125 2093; baseline -0.001 -19"><span class='ocrx_word' id='word_1_123' title='bbox 106 2006 328 2093; x_wconf 78' lang='lat' dir='ltr'><strong>comparasti⁸,</strong></span> <span class='ocrx_word' id='word_1_124' title='bbox 350 2008 418 2074; x_wconf 87' lang='lat' dir='ltr'><strong>fere</strong></span> <span class='ocrx_word' id='word_1_125' title='bbox 440 2008 550 2075; x_wconf 88' lang='lat' dir='ltr'><strong>omnia</strong></span> <span class='ocrx_word' id='word_1_126' title='bbox 573 2009 698 2074; x_wconf 87' lang='lat' dir='ltr'><strong>invenis</strong></span> <span class='ocrx_word' id='word_1_127' title='bbox 720 2010 767 2074; x_wconf 85' lang='lat' dir='ltr'><strong>its</strong></span> <span class='ocrx_word' id='word_1_128' title='bbox 790 2009 941 2073; x_wconf 87' lang='lat' dir='ltr'><strong>institute</strong></span> <span class='ocrx_word' id='word_1_129' title='bbox 964 2012 996 2073; x_wconf 93' lang='lat' dir='ltr'><strong>et</strong></span> <span class='ocrx_word' id='word_1_130' title='bbox 1016 2007 1125 2092; x_wconf 91' lang='lat' dir='ltr'><strong>dispo-</strong></span> 
     </span>
     <span class='ocr_line' id='line_1_19' title="bbox 106 2115 1125 2201; baseline -0.001 -20"><span class='ocrx_word' id='word_1_131' title='bbox 106 2117 169 2183; x_wconf 85' lang='lat' dir='ltr'><strong>site</strong></span> <span class='ocrx_word' id='word_1_132' title='bbox 196 2117 244 2182; x_wconf 92' lang='lat' dir='ltr'><strong>ibi</strong></span> <span class='ocrx_word' id='word_1_133' title='bbox 271 2116 383 2201; x_wconf 88' lang='lat' dir='ltr'><strong>fuisse,</strong></span> <span class='ocrx_word' id='word_1_134' title='bbox 411 2121 450 2180; x_wconf 90' lang='lat' dir='ltr'><strong>ut</strong></span> <span class='ocrx_word' id='word_1_135' title='bbox 476 2116 633 2201; x_wconf 85' lang='lat' dir='ltr'><strong>dispositu</strong></span> <span class='ocrx_word' id='word_1_136' title='bbox 660 2117 726 2181; x_wconf 89' lang='lat' dir='ltr'><strong>sint</strong></span> <span class='ocrx_word' id='word_1_137' title='bbox 754 2117 788 2181; x_wconf 92' lang='lat' dir='ltr'><strong>in</strong></span> <span class='ocrx_word' id='word_1_138' title='bbox 815 2116 877 2181; x_wconf 89' lang='lat' dir='ltr'><strong>hoe</strong></span> <span class='ocrx_word' id='word_1_139' title='bbox 904 2117 973 2200; x_wconf 91' lang='lat' dir='ltr'><strong>ipso</strong></span> <span class='ocrx_word' id='word_1_140' title='bbox 1002 2115 1125 2181; x_wconf 92' lang='lat' dir='ltr'><strong>libello.</strong></span> 
     </span>
     <span class='ocr_line' id='line_1_20' title="bbox 106 2223 682 2311; baseline -0.002 -23"><span class='ocrx_word' id='word_1_141' title='bbox 106 2225 174 2311; x_wconf 91' lang='lat' dir='ltr'><strong>egit</strong></span> <span class='ocrx_word' id='word_1_142' title='bbox 197 2225 282 2289; x_wconf 89' lang='lat' dir='ltr'><strong>enim</strong></span> <span class='ocrx_word' id='word_1_143' title='bbox 306 2228 398 2289; x_wconf 83' lang='lat' dir='ltr'><strong>retus</strong></span> <span class='ocrx_word' id='word_1_144' title='bbox 422 2224 477 2289; x_wconf 89' lang='lat' dir='ltr'><strong>ille</strong></span> <span class='ocrx_word' id='word_1_145' title='bbox 501 2223 682 2288; x_wconf 83' lang='lat' dir='ltr'><strong>Cleonides:</strong></span> 
     </span>
    </p>
   </div>
   <div class='ocr_carea' id='block_1_5' title="bbox 105 2403 319 2412">
    <p class='ocr_par' dir='ltr' id='par_1_5' title="bbox 105 2403 319 2412">
     <span class='ocr_line' id='line_1_21' title="bbox 105 2403 319 2412; baseline 0.005 -1"><span class='ocrx_word' id='word_1_146' title='bbox 105 2403 319 2412; x_wconf 75' lang='lat'><strong>———-</strong></span> 
     </span>
    </p>
   </div>
   <div class='ocr_carea' id='block_1_6' title="bbox 105 2504 1123 2719">
    <p class='ocr_par' dir='ltr' id='par_1_6' title="bbox 105 2504 1123 2719">
     <span class='ocr_line' id='line_1_22' title="bbox 106 2504 1123 2578; baseline 0 -17"><span class='ocrx_word' id='word_1_147' title='bbox 106 2505 144 2561; x_wconf 89' lang='lat' dir='ltr'><strong>ad</strong></span> <span class='ocrx_word' id='word_1_148' title='bbox 176 2506 309 2562; x_wconf 85' lang='lat' dir='ltr'><strong>sectionis</strong></span> <span class='ocrx_word' id='word_1_149' title='bbox 336 2506 421 2561; x_wconf 86' lang='lat' dir='ltr'><strong>finem</strong></span> <span class='ocrx_word' id='word_1_150' title='bbox 449 2505 581 2561; x_wconf 89' lang='lat' dir='ltr'><strong>omnibns</strong></span> <span class='ocrx_word' id='word_1_151' title='bbox 608 2506 722 2578; x_wconf 84' lang='lat' dir='ltr'><strong>paginis</strong></span> <span class='ocrx_word' id='word_1_152' title='bbox 747 2505 954 2561; x_wconf 76' lang='grc'><strong>101311-815</strong></span> <span class='ocrx_word' id='word_1_153' title='bbox 982 2504 1123 2561; x_wconf 86' lang='lat' dir='ltr'><strong>inscribit.</strong></span> 
     </span>
     <span class='ocr_line' id='line_1_23' title="bbox 105 2575 1123 2648; baseline 0 -15"><span class='ocrx_word' id='word_1_154' title='bbox 105 2578 307 2633; x_wconf 80' lang='lat' dir='ltr'><strong>Riocerdianus</strong></span> <span class='ocrx_word' id='word_1_155' title='bbox 326 2577 415 2633; x_wconf 77' lang='lat' dir='ltr'><strong>hebet</strong></span> <span class='ocrx_word' id='word_1_156' title='bbox 427 2575 592 2644; x_wconf 74' lang='grc' dir='ltr'><strong>Κλεονίδου,</strong></span> <span class='ocrx_word' id='word_1_157' title='bbox 612 2579 699 2633; x_wconf 86' lang='lat' dir='ltr'><strong>etiam</strong></span> <span class='ocrx_word' id='word_1_158' title='bbox 713 2578 776 2633; x_wconf 83' lang='lat' dir='ltr'><strong>Par.</strong></span> <span class='ocrx_word' id='word_1_159' title='bbox 792 2584 862 2631; x_wconf 73' lang='lat'><strong>2⁶35</strong></span> <span class='ocrx_word' id='word_1_160' title='bbox 876 2577 980 2633; x_wconf 85' lang='lat' dir='ltr'><strong>delete</strong></span> <span class='ocrx_word' id='word_1_161' title='bbox 994 2578 1071 2648; x_wconf 89' lang='lat' dir='ltr'><strong>quod</strong></span> <span class='ocrx_word' id='word_1_162' title='bbox 1086 2577 1123 2633; x_wconf 81' lang='lat' dir='ltr'><strong>ab</strong></span> 
     </span>
     <span class='ocr_line' id='line_1_24' title="bbox 106 2649 845 2719; baseline 0 -14"><span class='ocrx_word' id='word_1_163' title='bbox 106 2649 189 2706; x_wconf 85' lang='lat' dir='ltr'><strong>initio</strong></span> <span class='ocrx_word' id='word_1_164' title='bbox 208 2650 341 2706; x_wconf 77' lang='lat' dir='ltr'><strong>habebut.</strong></span> <span class='ocrx_word' id='word_1_165' title='bbox 379 2649 453 2705; x_wconf 81' lang='lat' dir='ltr'><strong>adde</strong></span> <span class='ocrx_word' id='word_1_166' title='bbox 471 2649 536 2706; x_wconf 76' lang='lat' dir='ltr'><strong>Vct.</strong></span> <span class='ocrx_word' id='word_1_167' title='bbox 556 2656 617 2719; x_wconf 79' lang='lat'>221,</span> <span class='ocrx_word' id='word_1_168' title='bbox 636 2651 742 2706; x_wconf 87' lang='lat' dir='ltr'><strong>Bonorr.</strong></span> <span class='ocrx_word' id='word_1_169' title='bbox 766 2655 845 2705; x_wconf 73' lang='lat'><strong>2432.</strong></span> 
     </span>
    </p>
   </div>
   <div class='ocr_carea' id='block_1_7' title="bbox 103 2725 1123 3231">
    <p class='ocr_par' dir='ltr' id='par_1_7' title="bbox 103 2725 1123 3231">
     <span class='ocr_line' id='line_1_25' title="bbox 178 2725 1123 2801; baseline 0.001 -16"><span class='ocrx_word' id='word_1_170' title='bbox 178 2738 192 2785; x_wconf 89' lang='lat'><strong>1</strong></span> <span class='ocrx_word' id='word_1_171' title='bbox 212 2731 257 2786; x_wconf 82' lang='lat' dir='ltr'><strong>Ad</strong></span> <span class='ocrx_word' id='word_1_172' title='bbox 275 2729 399 2786; x_wconf 79' lang='lat' dir='ltr'><strong>Theonis</strong></span> <span class='ocrx_word' id='word_1_173' title='bbox 419 2729 555 2800; x_wconf 77' lang='lat' dir='ltr'><strong>synopsin</strong></span> <span class='ocrx_word' id='word_1_174' title='bbox 573 2730 734 2801; x_wconf 81' lang='lat' dir='ltr'><strong>adiungunt</strong></span> <span class='ocrx_word' id='word_1_175' title='bbox 751 2729 887 2801; x_wconf 69' lang='lat' dir='ltr'><strong>isagogen</strong></span> <span class='ocrx_word' id='word_1_176' title='bbox 905 2729 1071 2801; x_wconf 82' lang='lat' dir='ltr'><strong>inscriptam</strong></span> <span class='ocrx_word' id='word_1_177' title='bbox 1090 2725 1123 2786; x_wconf 76' lang='grc' dir='ltr'><strong>ἐκ</strong></span> 
     </span>
     <span class='ocr_line' id='line_1_26' title="bbox 104 2800 1123 2872; baseline 0.003 -16"><span class='ocrx_word' id='word_1_178' title='bbox 104 2811 160 2857; x_wconf 72' lang='grc' dir='ltr'><strong>τῶν</strong></span> <span class='ocrx_word' id='word_1_179' title='bbox 174 2811 224 2857; x_wconf 81' lang='grc' dir='ltr'><strong>τοῦ</strong></span> <span class='ocrx_word' id='word_1_180' title='bbox 234 2802 373 2858; x_wconf 76' lang='lat' dir='ltr'><strong>Hoierrroo:</strong></span> <span class='ocrx_word' id='word_1_181' title='bbox 387 2800 482 2870; x_wconf 83' lang='lat' dir='ltr'><strong>N(fol.</strong></span> <span class='ocrx_word' id='word_1_182' title='bbox 495 2805 546 2870; x_wconf 85' lang='grc'><strong>16),</strong></span> <span class='ocrx_word' id='word_1_183' title='bbox 562 2802 654 2869; x_wconf 83' lang='lat' dir='ltr'><strong>B(fol.</strong></span> <span class='ocrx_word' id='word_1_184' title='bbox 666 2808 739 2871; x_wconf 79' lang='lat'>³00),</span> <span class='ocrx_word' id='word_1_185' title='bbox 753 2802 819 2857; x_wconf 89' lang='lat' dir='ltr'><strong>Urb.</strong></span> <span class='ocrx_word' id='word_1_186' title='bbox 828 2808 871 2872; x_wconf 79' lang='grc'><strong>17,</strong></span> <span class='ocrx_word' id='word_1_187' title='bbox 881 2802 943 2857; x_wconf 78' lang='lat' dir='ltr'><strong>Par.</strong></span> <span class='ocrx_word' id='word_1_188' title='bbox 954 2808 1033 2870; x_wconf 74' lang='grc'><strong>24110,</strong></span> <span class='ocrx_word' id='word_1_189' title='bbox 1047 2802 1123 2859; x_wconf 74' lang='lat' dir='ltr'><strong>unde</strong></span> 
     </span>
     <span class='ocr_line' id='line_1_27' title="bbox 105 2872 1122 2944; baseline 0 -15"><span class='ocrx_word' id='word_1_190' title='bbox 105 2872 220 2930; x_wconf 87' lang='lat' dir='ltr'><strong>Cramer</strong></span> <span class='ocrx_word' id='word_1_191' title='bbox 238 2873 431 2944; x_wconf 82' lang='lat' dir='ltr'><strong>„anecdoton“</strong></span> <span class='ocrx_word' id='word_1_192' title='bbox 451 2873 555 2929; x_wconf 90' lang='lat' dir='ltr'><strong>hausit.</strong></span> <span class='ocrx_word' id='word_1_193' title='bbox 588 2873 618 2927; x_wconf 91' lang='lat' dir='ltr'><strong>hi</strong></span> <span class='ocrx_word' id='word_1_194' title='bbox 636 2890 733 2929; x_wconf 87' lang='lat' dir='ltr'><strong>omnes</strong></span> <span class='ocrx_word' id='word_1_195' title='bbox 752 2873 832 2944; x_wconf 88' lang='lat' dir='ltr'><strong>issgo</strong></span> <span class='ocrx_word' id='word_1_196' title='bbox 853 2890 889 2929; x_wconf 89' lang='lat' dir='ltr'><strong>en</strong></span> <span class='ocrx_word' id='word_1_197' title='bbox 907 2873 951 2929; x_wconf 92' lang='lat' dir='ltr'><strong>bis</strong></span> <span class='ocrx_word' id='word_1_198' title='bbox 965 2873 1122 2930; x_wconf 86' lang='lat' dir='ltr'><strong>continent.</strong></span> 
     </span>
     <span class='ocr_line' id='line_1_28' title="bbox 103 2892 1121 3016; baseline 0.003 -18"><span class='ocrx_word' id='word_1_199' title='bbox 103 2944 327 3016; x_wconf 86' lang='lat' dir='ltr'><strong>Hsmburgensis</strong></span> <span class='ocrx_word' id='word_1_200' title='bbox 341 2960 461 3014; x_wconf 85' lang='lat' dir='ltr'><strong>quoqne,</strong></span> <span class='ocrx_word' id='word_1_201' title='bbox 480 2944 628 3000; x_wconf 83' lang='lat' dir='ltr'><strong>Barberini</strong></span> <span class='ocrx_word' id='word_1_202' title='bbox 642 2944 734 3001; x_wconf 88' lang='lat' dir='ltr'><strong>socius</strong></span> <span class='ocrx_word' id='word_1_203' title='bbox 749 2947 815 3015; x_wconf 89' lang='lat' dir='ltr'><strong>(non</strong></span> <span class='ocrx_word' id='word_1_204' title='bbox 829 2892 914 3015; x_wconf 71' lang='lat' dir='ltr'><strong>dhus)</strong></span> <span class='ocrx_word' id='word_1_205' title='bbox 930 2944 1121 3016; x_wconf 78' lang='lat' dir='ltr'><strong>fidelissimus,</strong></span> 
     </span>
     <span class='ocr_line' id='line_1_29' title="bbox 103 3016 1121 3088; baseline 0.004 -18"><span class='ocrx_word' id='word_1_206' title='bbox 103 3016 183 3072; x_wconf 88' lang='lat' dir='ltr'><strong>nullo</strong></span> <span class='ocrx_word' id='word_1_207' title='bbox 206 3016 291 3071; x_wconf 88' lang='lat' dir='ltr'><strong>titulo</strong></span> <span class='ocrx_word' id='word_1_208' title='bbox 315 3016 451 3087; x_wconf 85' lang='lat' dir='ltr'><strong>inscripto</strong></span> <span class='ocrx_word' id='word_1_209' title='bbox 475 3016 555 3088; x_wconf 83' lang='lat' dir='ltr'><strong>isego</strong></span> <span class='ocrx_word' id='word_1_210' title='bbox 576 3033 611 3071; x_wconf 88' lang='lat' dir='ltr'><strong>en</strong></span> <span class='ocrx_word' id='word_1_211' title='bbox 635 3017 763 3072; x_wconf 85' lang='lat' dir='ltr'><strong>annectit</strong></span> <span class='ocrx_word' id='word_1_212' title='bbox 780 3016 818 3071; x_wconf 90' lang='lat' dir='ltr'><strong>ad</strong></span> <span class='ocrx_word' id='word_1_213' title='bbox 836 3016 959 3072; x_wconf 84' lang='lat' dir='ltr'><strong>Theonis</strong></span> <span class='ocrx_word' id='word_1_214' title='bbox 972 3017 1121 3088; x_wconf 82' lang='lat' dir='ltr'><strong>synopsin</strong></span> 
     </span>
     <span class='ocr_line' id='line_1_30' title="bbox 103 3035 1122 3162; baseline 0 -19"><span class='ocrx_word' id='word_1_215' title='bbox 103 3088 212 3158; x_wconf 84' lang='lat' dir='ltr'><strong>neseio,</strong></span> <span class='ocrx_word' id='word_1_216' title='bbox 238 3088 307 3158; x_wconf 90' lang='lat' dir='ltr'><strong>quid</strong></span> <span class='ocrx_word' id='word_1_217' title='bbox 330 3088 485 3159; x_wconf 86' lang='lat' dir='ltr'><strong>praecedat</strong></span> <span class='ocrx_word' id='word_1_218' title='bbox 502 3088 532 3142; x_wconf 92' lang='lat' dir='ltr'><strong>in</strong></span> <span class='ocrx_word' id='word_1_219' title='bbox 550 3035 696 3158; x_wconf 66' lang='grc'><strong>1111611,</strong></span> <span class='ocrx_word' id='word_1_220' title='bbox 719 3089 749 3144; x_wconf 90' lang='lat' dir='ltr'><strong>in</strong></span> <span class='ocrx_word' id='word_1_221' title='bbox 768 3106 823 3159; x_wconf 91' lang='lat' dir='ltr'><strong>quo</strong></span> <span class='ocrx_word' id='word_1_222' title='bbox 842 3089 1011 3145; x_wconf 86' lang='lat' dir='ltr'><strong>Possevinus</strong></span> <span class='ocrx_word' id='word_1_223' title='bbox 1029 3089 1122 3162; x_wconf 81' lang='lat' dir='ltr'><strong>Puppi</strong></span> 
     </span>
     <span class='ocr_line' id='line_1_31' title="bbox 103 3159 786 3231; baseline 0 -16"><span class='ocrx_word' id='word_1_224' title='bbox 103 3177 205 3215; x_wconf 90' lang='lat' dir='ltr'><strong>nomen</strong></span> <span class='ocrx_word' id='word_1_225' title='bbox 223 3159 364 3215; x_wconf 83' lang='lat' dir='ltr'><strong>invenisse</strong></span> <span class='ocrx_word' id='word_1_226' title='bbox 383 3159 496 3214; x_wconf 81' lang='lat' dir='ltr'><strong>videtur</strong></span> <span class='ocrx_word' id='word_1_227' title='bbox 515 3159 561 3229; x_wconf 82' lang='lat' dir='ltr'><strong>(cf.</strong></span> <span class='ocrx_word' id='word_1_228' title='bbox 580 3160 665 3215; x_wconf 85' lang='lat' dir='ltr'><strong>Meib.</strong></span> <span class='ocrx_word' id='word_1_229' title='bbox 685 3160 786 3231; x_wconf 87' lang='lat' dir='ltr'><strong>proll.).</strong></span> 
     </span>
    </p>
   </div>
   <div class='ocr_carea' id='block_1_8' title="bbox 102 3240 1122 3599">
    <p class='ocr_par' dir='ltr' id='par_1_8' title="bbox 102 3240 1122 3457">
     <span class='ocr_line' id='line_1_32' title="bbox 174 3240 1122 3312; baseline 0.001 -17"><span class='ocrx_word' id='word_1_230' title='bbox 174 3247 190 3295; x_wconf 79' lang='lat'><strong>2</strong></span> <span class='ocrx_word' id='word_1_231' title='bbox 210 3240 314 3295; x_wconf 86' lang='lat' dir='ltr'><strong>Zosimi</strong></span> <span class='ocrx_word' id='word_1_232' title='bbox 336 3257 438 3295; x_wconf 92' lang='lat' dir='ltr'><strong>nomen</strong></span> <span class='ocrx_word' id='word_1_233' title='bbox 457 3240 487 3294; x_wconf 90' lang='lat' dir='ltr'><strong>in</strong></span> <span class='ocrx_word' id='word_1_234' title='bbox 505 3240 596 3297; x_wconf 87' lang='lat' dir='ltr'><strong>Madr.</strong></span> <span class='ocrx_word' id='word_1_235' title='bbox 616 3241 643 3294; x_wconf 85' lang='lat' dir='ltr'>N</span> <span class='ocrx_word' id='word_1_236' title='bbox 656 3247 690 3295; x_wconf 82' lang='grc'><strong>48</strong></span> <span class='ocrx_word' id='word_1_237' title='bbox 715 3259 747 3297; x_wconf 92' lang='lat' dir='ltr'><strong>eo</strong></span> <span class='ocrx_word' id='word_1_238' title='bbox 766 3242 944 3296; x_wconf 82' lang='lat' dir='ltr'><strong>referendum</strong></span> <span class='ocrx_word' id='word_1_239' title='bbox 962 3245 1019 3311; x_wconf 82' lang='lat' dir='ltr'><strong>set,</strong></span> <span class='ocrx_word' id='word_1_240' title='bbox 1043 3241 1122 3312; x_wconf 87' lang='lat' dir='ltr'><strong>quod</strong></span> 
     </span>
     <span class='ocr_line' id='line_1_33' title="bbox 103 3312 1121 3369; baseline 0.002 -2"><span class='ocrx_word' id='word_1_241' title='bbox 103 3312 190 3368; x_wconf 84' lang='lat' dir='ltr'><strong>MUL</strong></span> <span class='ocrx_word' id='word_1_242' title='bbox 210 3312 279 3368; x_wconf 90' lang='lat' dir='ltr'><strong>Bon.</strong></span> <span class='ocrx_word' id='word_1_243' title='bbox 299 3319 369 3367; x_wconf 73' lang='lat'>2048</span> <span class='ocrx_word' id='word_1_244' title='bbox 388 3312 455 3368; x_wconf 92' lang='lat' dir='ltr'><strong>Urb.</strong></span> <span class='ocrx_word' id='word_1_245' title='bbox 475 3318 509 3366; x_wconf 80' lang='grc'><strong>11</strong></span> <span class='ocrx_word' id='word_1_246' title='bbox 533 3313 608 3368; x_wconf 85' lang='lat' dir='ltr'><strong>Mon.</strong></span> <span class='ocrx_word' id='word_1_247' title='bbox 629 3320 680 3367; x_wconf 78' lang='lat'><strong>104</strong></span> <span class='ocrx_word' id='word_1_248' title='bbox 699 3313 729 3368; x_wconf 92' lang='lat' dir='ltr'><strong>in</strong></span> <span class='ocrx_word' id='word_1_249' title='bbox 746 3313 802 3368; x_wconf 88' lang='lat' dir='ltr'><strong>fine</strong></span> <span class='ocrx_word' id='word_1_250' title='bbox 820 3312 954 3369; x_wconf 87' lang='lat' dir='ltr'><strong>sectionis</strong></span> <span class='ocrx_word' id='word_1_251' title='bbox 967 3312 1076 3369; x_wconf 89' lang='lat' dir='ltr'><strong>habent</strong></span> <span class='ocrx_word' id='word_1_252' title='bbox 1092 3318 1121 3369; x_wconf 87' lang='lat' dir='ltr'><strong>Z.</strong></span> 
     </span>
     <span class='ocr_line' id='line_1_34' title="bbox 102 3384 1084 3457; baseline 0 -18"><span class='ocrx_word' id='word_1_253' title='bbox 102 3385 240 3455; x_wconf 68' lang='lat' dir='ltr'><strong>disteden,</strong></span> <span class='ocrx_word' id='word_1_254' title='bbox 259 3385 277 3440; x_wconf 93' lang='lat' dir='ltr'><strong>i.</strong></span> <span class='ocrx_word' id='word_1_255' title='bbox 293 3401 316 3440; x_wconf 92' lang='lat' dir='ltr'><strong>e.</strong></span> <span class='ocrx_word' id='word_1_256' title='bbox 338 3384 365 3440; x_wconf 89' lang='lat' dir='ltr'><strong>Z.</strong></span> <span class='ocrx_word' id='word_1_257' title='bbox 385 3384 570 3454; x_wconf 88' lang='lat' dir='ltr'><strong>manuscripti</strong></span> <span class='ocrx_word' id='word_1_258' title='bbox 590 3389 753 3439; x_wconf 86' lang='lat' dir='ltr'><strong>contextum</strong></span> <span class='ocrx_word' id='word_1_259' title='bbox 771 3385 800 3440; x_wconf 91' lang='lat' dir='ltr'><strong>in</strong></span> <span class='ocrx_word' id='word_1_260' title='bbox 819 3384 946 3441; x_wconf 83' lang='lat' dir='ltr'><strong>ordinem</strong></span> <span class='ocrx_word' id='word_1_261' title='bbox 965 3384 1084 3457; x_wconf 80' lang='lat' dir='ltr'><strong>redegit.</strong></span> 
     </span>
    </p>

    <p class='ocr_par' dir='ltr' id='par_1_9' title="bbox 102 3455 1120 3599">
     <span class='ocr_line' id='line_1_35' title="bbox 174 3455 1120 3529; baseline 0.002 -19"><span class='ocrx_word' id='word_1_262' title='bbox 174 3462 191 3509; x_wconf 80' lang='lat'><em>8</em></span> <span class='ocrx_word' id='word_1_263' title='bbox 224 3457 268 3510; x_wconf 85' lang='lat' dir='ltr'><strong>Its</strong></span> <span class='ocrx_word' id='word_1_264' title='bbox 300 3472 352 3526; x_wconf 85' lang='lat' dir='ltr'><strong>ego</strong></span> <span class='ocrx_word' id='word_1_265' title='bbox 384 3456 547 3525; x_wconf 84' lang='lat' dir='ltr'><strong>comparavi</strong></span> <span class='ocrx_word' id='word_1_266' title='bbox 580 3455 692 3511; x_wconf 81' lang='lat' dir='ltr'><strong>libellos</strong></span> <span class='ocrx_word' id='word_1_267' title='bbox 725 3457 755 3511; x_wconf 93' lang='lat' dir='ltr'><strong>in</strong></span> <span class='ocrx_word' id='word_1_268' title='bbox 783 3455 880 3512; x_wconf 85' lang='lat' dir='ltr'><strong>annali</strong></span> <span class='ocrx_word' id='word_1_269' title='bbox 909 3460 1120 3529; x_wconf 86' lang='lat' dir='ltr'><strong>programmate</strong></span> 
     </span>
     <span class='ocr_line' id='line_1_36' title="bbox 102 3528 669 3599; baseline -0.004 -16"><span class='ocrx_word' id='word_1_270' title='bbox 102 3529 216 3583; x_wconf 87' lang='lat' dir='ltr'><strong>scholae</strong></span> <span class='ocrx_word' id='word_1_271' title='bbox 235 3528 476 3599; x_wconf 83' lang='lat' dir='ltr'><strong>Landsbergensis</strong></span> <span class='ocrx_word' id='word_1_272' title='bbox 497 3534 565 3582; x_wconf 71' lang='lat'>1870</span> <span class='ocrx_word' id='word_1_273' title='bbox 584 3547 611 3598; x_wconf 88' lang='lat' dir='ltr'><strong>p.</strong></span> <span class='ocrx_word' id='word_1_274' title='bbox 628 3535 669 3590; x_wconf 81' lang='grc'><strong>13,</strong></span> 
     </span>
    </p>
   </div>
   <div class='ocr_carea' id='block_1_9' title="bbox 0 0 1238 3870">
    <p class='ocr_par' dir='ltr' id='par_1_10' title="bbox 0 0 1238 3870">
     <span class='ocr_line' id='line_1_37' title="bbox 0 0 1238 3870; baseline 0 1"><span class='ocrx_word' id='word_1_275' title='bbox 0 0 1238 3870; x_wconf 95' lang='lat' dir='ltr'><strong> </strong></span> 
     </span>
    </p>
   </div>
  </div>
 </body>
</html>
