2466 3870
675 340 679 344 ·
714 258 936 382 ‘Prolegomcnsi

316 473 516 562 statuebant,
538 473 573 541 hi
592 497 652 541 neo
670 476 888 559 semitonium,
904 496 965 539 neo
982 473 1080 538 ullius
1097 473 1197 538 ratio
1222 502 1233 519 ·‹

317 582 408 647 dium
435 581 621 670 admittere,
648 606 689 648 ne
717 581 925 648 intervallum
953 581 1081 665 quidem
1104 581 1155 645 val
1178 582 1233 645 oar

317 694 461 756 statuere
484 690 655 756 debebant.
691 710 751 753 nec
774 692 884 753 tamen
906 690 1082 770 potusrrmt
1105 687 1151 750 ita
1173 708 1218 751 o..

319 799 462 864 rationes
480 803 514 864 et
532 796 699 883 analogias
717 793 878 879 reducere,
897 792 953 858 sed
971 793 1006 857 in
1023 791 1232 877 simpliciore

320 906 549 971 siderationem
577 923 672 986 saepe
700 900 896 966 recidebant.
942 923 1086 965 summus
1113 899 1168 965 ille
1192 898 1221 964 E

301 1034 415 1098 ⁸saepe
442 1010 651 1076 intervallum
678 1009 774 1093 ponit
801 1030 861 1093 pro
889 1009 1040 1093 ratione¹,
1067 1008 1168 1072 lineas
1192 1007 1230 1071 de

320 1142 380 1205 pro
408 1117 601 1183 rationibus.
648 1118 851 1204 castigantur
876 1115 960 1181 hanc
982 1116 1023 1180 ob
1048 1137 1218 1180 causamn

321 1225 404 1291 maci
432 1226 611 1309 interprete
639 1221 782 1311 (Pappo)
810 1245 841 1308 p.
861 1224 924 1290 267
954 1223 1035 1288 mad.
1059 1223 1212 1288 canonico

323 1333 604 1421 Pythagoreorum
628 1331 770 1416 plurimi.
807 1330 908 1416 quid?
944 1329 1174 1395 Erastothanes
1197 1352 1217 1414 q

323 1439 456 1506 findere
484 1439 543 1504 illa
570 1438 716 1524 vetabat,
746 1460 814 1503 non
841 1440 875 1503 in
902 1443 1033 1523 peccato
1060 1435 1148 1523 ipse²
1175 1438 1229 1502 de·

325 1548 435 1614 ditur?
471 1547 555 1613 nihil
578 1548 671 1632 peius
695 1546 860 1612 commisit
882 1545 1056 1631 Philolaus,
1080 1568 1153 1611 aum
1178 1546 1218 1611 13

325 1655 411 1721 hunc
443 1657 598 1721 interesse
631 1654 757 1719 viderat
789 1654 875 1718 inter
906 1655 971 1720 256
1004 1657 1037 1718 et
1068 1654 1146 1737 243,
1178 1675 1202 1717 n
1232 1689 1233 1708 κ

324 1763 482 1828 limmatis
505 1762 590 1826 dixit
612 1759 719 1848 (Boot.
733 1757 784 1825 III
799 1758 845 1848 5),
869 1761 960 1845 quasi
979 1760 1088 1824 eadem
1107 1759 1163 1825 illa
1181 1764 1232 1825 rat

326 1870 438 1935 multis
462 1869 535 1934 aliis
555 1870 700 1934 numeris
719 1868 857 1952 exprimi
876 1872 985 1952 posset
1002 1889 1105 1952 neque
1124 1868 1206 1932 alius
1229 1898 1233 1905 ·

327 1977 522 2044 discriminis
540 1998 695 2041 numerus
714 1977 921 2040 inveniretur.
959 1979 1085 2040 tantum
1102 1975 1166 2039 illis
1180 1974 1232 2040 val

328 2086 463 2151 rationis
477 2084 606 2149 minimi
620 2084 747 2148 numeri
762 2080 941 2170 (πυθμήν),
955 2087 993 2147 ut
1007 2081 1057 2147 his
1070 2082 1212 2147 numeris
1229 2113 1233 2161 t

328 2194 487 2258 rationem
512 2193 680 2279 designare
701 2191 765 2256 sibi
785 2191 978 2255 viderentur.
1014 2189 1203 2255 Nicomachi
1228 2220 1233 2247 ι

328 2305 499 2384 excerptor
529 2299 752 2384 compluribus
779 2300 878 2363 etiam
905 2297 1040 2363 saeculis
1066 2302 1142 2382 post
1167 2297 1227 2362 P'

330 2408 428 2473 simili
456 2408 554 2472 modo
582 2407 740 2471 limmatis
767 2406 817 2470 sui
845 2428 1014 2470 numerum
1038 2407 1080 2471 39
1104 2427 1177 2471 cum
1201 2410 1229 2470 t·

329 2514 473 2580 numeris
488 2515 532 2581 64
557 2517 598 2580 72
624 2516 664 2580 81
683 2518 851 2598 comparat
864 2520 897 2579 et
910 2514 1067 2578 Adrastus
1081 2511 1184 2600 (Theo
1198 2516 1228 2578 1¹

331 2622 408 2688 adeo
437 2642 505 2687 non
532 2623 698 2707 vituperat
728 2643 815 2707 eum,
846 2623 902 2706 qui
930 2621 990 2686 hac
1017 2622 1141 2686 ratione
1167 2621 1232 2685 utit

333 2730 372 2794 ad
394 2729 542 2795 Platonis
568 2731 797 2795 auctoritatem
822 2729 854 2792 id
877 2734 1012 2794 revocet.
1057 2728 1214 2794 Boetioa

331 2837 409 2902 fides
438 2837 591 2922 habetur,
619 2859 686 2901 non
714 2837 827 2901 limma
854 2836 958 2901 solum
982 2835 1146 2901 Philolaus
1174 2835 1233 2900 ho

334 2944 513 3028 constituit,
536 2944 592 3008 sed
618 2967 637 3007 a
660 2965 794 3008 numero
815 2944 857 3008 27
882 2941 992 3029 (quem
1016 2944 1208 3008 intercedere

333 3054 418 3117 inter
441 3054 507 3117 216
532 3057 566 3116 ct
589 3049 670 3139 243)
698 3072 834 3115 numero
861 3053 900 3115 13
929 3050 1203 3115 detractomaius

406 3218 420 3265 1
440 3209 575 3265 Euclides
596 3209 704 3279 Socho,
728 3212 801 3280 prot.
819 3217 846 3265 1:
871 3204 922 3263 ἐὰν
987 3207 1026 3262 't

334 3282 378 3346 tle
400 3280 541 3337 συντεθὲν
563 3290 633 3353 ποιῇ
657 3303 684 3335 τι
707 3279 862 3351 διάστημα,
886 3281 934 3334 καὶ
954 3282 1022 3335 αὐτὸ
1043 3281 1231 3336 πολλαπλάσιο

334 3358 366 3409 at
387 3370 446 3409 non
463 3352 617 3408 intervalla
635 3356 703 3407 sunt
720 3352 904 3423 multiplicia,
924 3353 974 3407 sed
993 3369 1088 3407 eorum
1107 3353 1231 3408 rationes

334 3426 369 3482 cl.
387 3424 547 3552 ¹Ptolemaei
571 3425 660 3479 harm.
685 3425 867 3495 interpretem
886 3424 1008 3495 (Porph.)
1030 3443 1056 3494 p.
1076 3429 1126 3480 267
1152 3426 1187 3480 do
1206 3425 1232 3480 ei

335 3503 386 3552 te
418 3502 444 3553 6.

408 3574 425 3623 2
449 3568 652 3624 Eratosthenes
675 3568 705 3623 in
728 3569 829 3623 codem
852 3586 952 3625 comm.
970 3588 997 3639 p.
1012 3573 1063 3622 266
1088 3568 1144 3624 md.
1168 3567 1229 3638 ἔτερ

335 3639 409 3711 λέγει
428 3640 569 3711 διάστημα
587 3638 679 3711 λόγου,
700 3641 750 3694 sed
765 3659 791 3696 v.
807 3647 857 3694 267
873 3641 929 3695 md.
945 3640 1020 3695 idem
1034 3640 1190 3695 confundit.

335 3714 464 3767 veterum
482 3712 624 3767 erroribus
644 3713 678 3768 cf.
699 3712 786 3768 etiam
807 3711 883 3783 Grai,
903 3711 1021 3768 Theoric
1042 3712 1068 3768 d.
1087 3711 1209 3767 Almstilr

389 3813 449 3854 Mus.
465 3813 545 3864 script.
560 3813 595 3855 ad.
609 3814 625 3856 J
631 3825 673 3855 an.
1135 3810 1154 3862 ‘l
