2466 3870
98 125 165 192 1164
313 129 316 134 '
507 117 553 170 III.
572 113 703 170 Euclides

99 308 134 351 se
159 282 303 348 docuisse
326 279 405 342 dicit
428 277 523 340 huius
546 276 697 339 sectionis
714 279 827 340 auctor
845 276 898 363 (ut
918 279 953 343 in
970 282 1055 363 prot.
1070 276 1116 364 2),

100 387 268 455 ostendere
290 404 469 467 possumus,
492 403 556 465 quo
581 380 810 445 elementorum
832 380 905 447 loco
927 382 982 447 ille
999 384 1117 468 proba·

100 495 191 557 verit.
236 489 451 553 certissimum
474 491 582 551 atatem
606 486 750 551 veritatis
772 487 994 553 testim0nium
1016 490 1116 553 titulo

102 601 135 661 et
167 595 293 659 auctori
325 594 422 659 huius
452 592 556 658 libelli
587 592 770 657 commodat
801 592 829 657 is
855 592 912 677 qui
938 590 1116 658 Ptolemaei

102 702 290 766 harmonico
321 698 396 763 inde
428 720 447 763 a
479 698 621 785 capitulo
650 701 669 763 5
702 696 941 783 interpretanda
967 699 1118 781 suscepit.

102 806 326 872 commentarii
359 807 445 872 enim
472 806 572 893 illius,
604 828 699 892 quem
725 804 886 891 Porplryri
912 804 1044 869 nomine
1072 804 1120 867 iu·

101 913 224 997 scripto
261 913 361 978 edidit
392 912 523 1001 wallis,
559 914 713 979 maiorem
744 917 868 999 partem
900 911 1119 997 composuisse

103 1019 231 1084 videtur
258 1019 387 1106 Pappus
410 1020 646 1087 Alexandrinus
677 1020 728 1085 vel
759 1018 841 1085 alius
871 1018 969 1085 bomo
995 1016 1121 1084 inethe

103 1128 241 1193 nuatione
265 1127 343 1191 artis
365 1125 516 1211 peritus¹,
543 1126 598 1191 hic
620 1129 726 1191 autem
745 1130 778 1189 et
795 1148 826 1209 p.
842 1126 906 1191 267
925 1124 1005 1189 duas
1022 1124 1120 1189 huius

106 1234 259 1298 sectionis
295 1233 452 1317 protessis
484 1232 564 1297 citat
595 1235 629 1297 et
660 1232 732 1296 inde
763 1252 784 1295 a
813 1252 843 1315 p.
866 1232 932 1296 272
962 1232 1120 1296 maiorem

103 1343 229 1425 partem
262 1337 466 1402 transscribit
487 1323 622 1402 Euclide
649 1336 699 1401 bis
721 1336 896 1401 nominato.
941 1357 1121 1420 quaecum

104 1447 152 1510 ita
181 1445 261 1526 sint,
290 1442 328 1507 de
350 1441 485 1507 Euclide
512 1442 608 1507 huius
629 1440 732 1506 libelli
754 1445 884 1505 auctore
906 1460 1001 1506 nemo
1024 1440 1122 1507 hodie

105 1550 189 1615 solet
213 1547 389 1613 dubitare.⁹
434 1548 587 1613 differunt
610 1547 737 1632 quidem
760 1546 916 1612 nonnulla
937 1548 1022 1612 inter
1044 1547 1123 1613 Por·

105 1656 203 1741 phyri
231 1658 423 1738 nostrosque
451 1655 584 1720 codices.
628 1652 676 1719 VI
703 1653 788 1719 eninr
815 1656 954 1739 protasis
980 1677 1048 1720 non
1071 1654 1123 1720 bis

104 1762 156 1827 ibi
179 1761 344 1847 probatur,
367 1760 424 1826 sed
444 1761 543 1827 missa
564 1762 672 1845 priore
694 1761 966 1827 demonstratione
982 1761 1123 1827 alterum

109 1871 244 1933 affertur
267 1871 501 1954 argumentum.
538 1868 600 1932 hoc
621 1890 693 1932 cum
713 1869 759 1932 ito
776 1869 903 1954 legatur
921 1869 1018 1932 etiam
1037 1868 1125 1952 apud

106 1976 267 2058 Boetium‚
304 1975 360 2059 qui
396 1975 493 2038 huius
529 1974 630 2038 libelli
666 1979 790 2058 partem
824 1974 912 2038 nullo
945 1977 1123 2057 praemisso

107 2084 238 2147 nomine
271 2103 371 2165 usquc
404 2081 444 2145 ad
472 2079 519 2144 IX
542 2083 686 2165 protasin
716 2081 750 2144 in
777 2081 896 2144 librum
920 2078 967 2144 IV
995 2082 1125 2146 institu-

112 2211 324 2219 ——--—-

181 2283 194 2328 1
220 2275 318 2343 Aliqui
341 2274 451 2329 codices
475 2279 505 2327 et
527 2274 547 2327 ii
572 2274 671 2343 optimi
690 2277 732 2341 (nt
751 2274 818 2327 Ven.
835 2273 931 2341 V110)
953 2274 1123 2344 iuterpreta-

108 2347 213 2400 tionem
233 2350 367 2414 quattuor
385 2345 510 2414 capitum
529 2345 681 2411 continent,
700 2344 809 2413 reliqua
823 2343 964 2398 omittunt.
992 2347 1125 2413 quintum

108 2421 204 2471 autem
230 2420 316 2486 caput
338 2419 368 2470 et
390 2433 462 2484 quae
482 2418 635 2484 sequuntur
653 2416 780 2484 Pappum
798 2415 1018 2468 Alexandrinum
1037 2417 1125 2471 inter·

110 2491 255 2558 pretatum
282 2503 342 2541 esse
366 2487 395 2541 L.
419 2485 581 2540 Holstenius
610 2486 754 2540 contendit
781 2486 830 2554 qui
854 2486 883 2538 in
905 2486 1001 2540 codice
1026 2488 1125 2556 aliquo

108 2558 248 2612 Vaticano
281 2557 355 2611 hunc
387 2557 503 2610 titulum
535 2557 700 2638 inscriptum
727 2556 799 2626 legit
821 2555 976 2624 (Fabricius
1006 2557 1032 2610 b.
1064 2559 1127 2614 Gr.²

109 2629 187 2696 1v‚a
207 2646 233 2698 p.
249 2633 319 2698 251).
347 2628 468 2682 Hultsch
492 2628 521 2681 in
544 2627 635 2698 Pappr
657 2627 781 2682 editione
800 2628 838 2680 lll
860 2646 886 2697 p.
907 2627 958 2681 ΧΠ
982 2628 1126 2700 aPappo‚

109 2699 160 2769 qui
183 2699 254 2754 alios
282 2699 385 2755 multos
410 2699 498 2754 libros
516 2698 671 2754 Ptolemaei
698 2698 897 2769 interpretatus
922 2699 971 2763 sit,
1001 2703 1029 2753 et
1052 2701 1126 2754 hanc

110 2770 306 2824 commentarii
323 2771 499 2826 harmonicas
519 2770 637 2825 alteram
651 2773 760 2853 partem
775 2770 907 2839 scriptam
922 2770 1075 2840 existimat,
1098 2777 1126 2826 et

110 2841 343 2896 mathematicum
356 2842 443 2896 fuisse
458 2845 601 2896 auctorem
616 2858 773 2910 quicunque
783 2841 860 2911 leget
869 2840 923 2894 sibi
933 2843 1127 2910 persuadebit.

110 2913 140 2964 in
159 2912 349 2967 Escurialensi
366 2913 480 2982 quidem
499 2912 595 2967 codice
610 2916 637 2966 a
650 2913 718 2967 lV4
737 2913 806 2967 haec
824 2912 919 2982 capita
934 2918 1020 2966 5-15
1036 2914 1125 2968 libril

110 2982 302 3037 inscribuntur
317 2982 428 3047 Θέωνος
443 2981 640 3051 Ἀλεξανδρέως
659 2983 797 3052 ἁρμονικά
816 2987 845 3038 et
866 2983 1005 3053 incipiunt
1026 2985 1079 3053 χρή
1094 3004 1125 3040 σε

112 3054 259 3123 γινώσκειν
279 3049 300 3107 ὦ
317 3057 407 3109 Φίλων
427 3051 496 3125 ἐμοί.
525 3054 631 3124 ltuelle,
651 3055 699 3123 qui
714 3055 748 3108 de
763 3054 816 3107 hac
830 3071 860 3108 re
875 3054 937 3125 agit
951 3055 980 3107 in
994 3056 1127 3112 Arcler'ccs

111 3127 145 3180 dc
182 3126 309 3180 rimatores
343 3128 524 3208 scientiaque
560 3127 617 3181 Ser.
649 3127 700 3194 111,
738 3125 792 3180 rol.
826 3126 940 3192 11512,
978 3126 1125 3181 Philonem

112 3195 259 3264 Tyaneum
274 3195 344 3250 dicit
357 3196 469 3251 laudan
483 3199 512 3250 et
521 3197 551 3250 in
560 3196 649 3267 Puppi
661 3214 730 3266 syna
751 3214 766 3250 o
788 3196 944 3251 emathlV
962 3216 1031 3267 orep.
1043 3203 1125 3266 30(?).

184 3273 200 3319 2
215 3266 374 3322 Dubitabat
387 3267 456 3322 olim
470 3267 602 3337 Gregory,
619 3267 666 3336 qui
682 3215 827 3321 Eudidem
841 3268 932 3321 edidit
946 3216 1033 3323 daron.
1048 3275 1126 3323 1703.

113 3337 164 3392 scd
196 3336 230 3392 cf.
260 3337 382 3409 Heiberg
415 3339 735 3410 Litterarpcscbicldliclra
768 3339 884 3393 Studien-
916 3341 982 3394 riter
1010 3341 1125 3394 Ezttlid.

113 3408 227 3478 Lipsiae
248 3413 325 3465 1882,
353 3408 495 3465 Susemihl
511 3410 664 3465 Gcscbicdte
683 3412 730 3463 der
748 3411 844 3480 price-t.
861 3410 1014 3466 Luteciae
1034 3414 1061 3465 iu
1079 3412 1128 3465 der

113 3480 379 3537 nexandrinerzeie.
416 3481 529 3552 Lipsiae
551 3485 627 3536 1891.
655 3499 681 3550 p.
703 3485 762 3536 717.
