2466 3870
172 105 372 169 Gaudentius
407 131 422 169 c
456 107 592 169 <liversis
624 108 763 168 rnnsicno
793 106 947 169 doctrinis
975 106 1127 189 quidquid

105 214 252 295 placebat
281 215 421 299 collegit.
470 215 508 275 nb
535 214 731 276 Aristoxeno
761 216 897 296 sumpsit
922 220 1044 297 septeni
1069 215 1129 275 dis-

104 321 240 403 ciplinae
282 326 392 405 partes
434 322 468 385 in
501 321 669 405 prooemio
705 322 938 404 enumeratas¹,
979 323 1128 385 notiones

103 428 297 512 principales
317 428 440 513 definit,
459 429 544 493 sicut
558 427 775 493 Aristoxenus
795 429 845 494 vel
864 428 1013 512 discipuli
1033 427 1128 491 huius

104 535 370 621 descripserrmtl,
399 536 438 600 de
461 536 660 601 ascendendo
686 540 718 602 st
742 537 888 602 acumine
912 536 1022 602 eadem
1048 557 1129 620 quac

103 642 299 708 Tarentinus
332 643 387 708 ille
415 640 532 730 (princ.
560 641 662 708 harm.
686 645 872 729 §29-31,
899 667 930 728 p.
952 645 993 708 10
1017 641 1128 728 Meib.)

103 751 198 816 nobis
231 751 345 836 tradit,
377 771 475 815 sonos
508 750 647 815 mobiles
678 749 900 836 κινουμένους
933 750 1025 833 dicit,
1063 773 1129 814 non

102 856 338 944 φερομένουςθ,
366 852 539 922 intervallo
568 857 769 923 diatessaron
793 858 936 942 quinque
959 857 1129 921 semitonia

103 965 260 1051 vindicat,
288 967 323 1030 in
351 965 638 1030 consonantiarum
666 964 780 1030 formis
809 962 982 1053 (σχήμασι)
1010 965 1128 1030 descri-

102 1072 216 1138 bendis
240 1072 485 1138 accuratissime
511 1073 660 1158 sequitur
685 1070 847 1136 Cleonidis
870 1072 1038 1159 isagogen,
1066 1072 1129 1135 nisi

103 1181 190 1264 quod
220 1180 354 1246 nomina
377 1178 578 1246 recentiora⁴
602 1179 710 1245 evitat.
753 1179 852 1264 quid?
889 1180 976 1265 quod
1001 1180 1034 1244 in
1057 1201 1129 1263 pro-

102 1287 207 1353 oemio
241 1288 368 1353 aurium
402 1311 497 1353 usum
529 1309 608 1373 prae
636 1286 755 1352 mentis
784 1288 911 1352 ratione
938 1287 1017 1352 adeo
1046 1309 1129 1350 com-

103 1395 242 1479 mendat,
256 1400 293 1460 ut
302 1395 492 1461 Aristoxeni
507 1395 702 1480 discipulum
719 1397 942 1480 unusquisque
956 1417 1129 1481 agnoscere

103 1503 165 1568 sibi
194 1502 351 1567 videatur.
394 1503 450 1568 sed
479 1503 564 1568 idem
588 1501 790 1568 Gaudentius
818 1501 901 1585 ῥητὰ
925 1503 1128 1587 διαστήματα

103 1610 149 1674 ait
187 1610 222 1674 in
260 1631 285 1675 c.
312 1612 328 1674 1
336 1664 345 1696 ,
382 1609 651 1695 symphoniarum
687 1630 839 1674 numeros
871 1612 904 1672 et
937 1610 1078 1673 rationes
1111 1631 1128 1673 c

102 1717 283 1805 Pythagori
310 1718 422 1782 schola
447 1718 568 1802 recepit
592 1740 629 1782 ac
651 1739 693 1782 ne
716 1716 860 1782 fabulam
884 1717 1014 1801 quidam
1038 1739 1127 1801 repu-

177 1931 332 1988 1Elcm.1
356 1949 383 2002 p.
400 1936 434 1984 36
453 1930 538 1986 Meib.
578 1929 755 1986 Gaudentius
779 1931 876 1984 autem
899 1928 928 1983 in
952 1945 967 1983 e
1007 1928 1127 1984 ositione

104 2002 155 2057 bas
177 2007 275 2074 partas
299 2020 356 2058 non
377 2002 514 2071 sequitur.
552 2000 693 2072 quomodo
712 2004 809 2056 autem
828 2018 925 2055 earum
944 2017 975 2055 or
996 2018 1013 2054 o
1031 2017 1126 2070 proce·

103 2075 188 2201 gente
216 2079 344 2145 tempora
373 2078 499 2129 mutatus
528 2074 578 2143 sit,
607 2094 633 2130 v.
662 2074 692 2128 in
719 2091 811 2144 progr.
840 2072 963 2127 Landsb.
990 2077 1056 2126 1871
1082 2073 1127 2142 (dc

127 2146 239 2202 leonide
290 2153 353 2202 ,15.

175 2225 190 2273 2
215 2150 363 2273 Dialtcma
387 2236 451 2272 cum
470 2217 604 2273 Cleonide
628 2218 671 2272 ait
695 2234 755 2272 esse
778 2217 808 2271 τὸ
832 2216 887 2270 ὑπὸ
912 2216 964 2271 δύο
990 2216 1126 2286 φθόγγων

102 2289 313 2360 περιεχόμενον,
356 2289 523 2360 Thrasyllus
547 2307 608 2344 esse
632 2289 703 2344 dicit
726 2288 862 2359 φθόγγων
886 2289 937 2356 τὴν
956 2290 1027 2355 πρὸς
1045 2289 1128 2356 ἀλλή-

103 2367 168 2425 λους
186 2362 273 2417 ποιὰν
293 2361 396 2432 σχέσιν.
434 2362 511 2417 Theo
531 2380 601 2418 mus,
622 2379 644 2416 c.
659 2369 684 2416 3.

175 2434 312 2489 8Baoch.
333 2435 402 2489 1³1.
432 2433 528 2499 ArQu.
549 2434 638 2504 lap.
657 2440 697 2488 12.

175 2515 191 2560 4
216 2507 305 2562 (laud.
330 2506 444 2578 ignorat
467 2507 612 2561 adiectiva
624 2506 828 2595 faciamos,
852 2503 1040 2574 μεσόπυκνος,
1065 2504 1127 2570 ὀξίν-

103 2598 217 2640 πνκνος.
247 2578 296 2632 scd
316 2579 411 2633 confer
431 2579 602 2633 sententiam
622 2599 691 2632 οταν
710 2586 759 2632 τοῦ
779 2579 866 2632 αὐτοῦ
887 2574 1027 2647 μεγέθους
1044 2622 1048 2630 .
1066 2621 1070 2630 .
1088 2619 1092 2628 .
1109 2575 1126 2642 ἠ

102 2650 230 2716 τάξις..
251 2648 399 2704 ἀλλοίωσιν
418 2651 490 2722 λάβῃ
511 2669 533 2706 c.
556 2656 596 2706 18.
627 2649 720 2705 Cleon.
742 2655 765 2704 9.
