2466 3870
81 104 154 199 ¹,56‘
352 124 361 131 “
455 92 741 169 ’Π.Ρσ.-Δῃιωῑὼ
862 50 1143 77 l

100 276 204 341 multa
231 276 307 339 aunt
334 292 394 337 nec
421 272 532 358 gravia
558 256 641 355 qnae
667 254 881 335 cenomanos
912 258 1113 359 aliquantum

102 381 230 466 quidem
258 376 364 441 valere
390 374 472 440 illud
498 374 660 461 existimo,
684 374 771 458 quod
792 374 827 440 in
847 397 896 461 pr.
917 376 965 443 XI
982 380 1017 465 6,
1039 400 1113 446 cnm

100 486 159 551 liat
181 483 315 567 sonitus,
337 502 393 545 aer
410 479 529 545 dicitur
545 500 651 545 aerem
669 500 798 545 movere
813 477 881 568 (ab
897 480 1007 567 ἕτερος
1024 483 1114 573 σήμ),

101 589 197 655 sicuti
220 587 376 671 scriptum
398 584 545 652 videmus
565 584 652 672 apud
673 584 883 653 Heraclidem.
927 590 962 651 et
981 591 1021 652 nt
1040 610 1116 674 pro-

101 693 215 781 pagari
233 695 370 777 uterque
387 691 467 759 dicit
484 713 582 760 sonos
597 714 657 781 per
673 714 789 781 nerem,
806 693 853 759 ita
869 690 1000 759 dissolri
1017 693 1115 759 inter

103 799 180 864 dum
202 802 235 863 et
258 800 365 885 rumpi
382 798 503 886 dicunt,
524 799 637 867 eodem
654 800 705 867 uei
723 799 822 867 verbo
837 796 1116 887 ἀκαρῤηινύναι)

103 905 296 971 sententiam
322 909 431 973 autern
457 906 654 993 praeclaram
679 908 889 995 problematis
914 903 1064 975 moe*
1092 906 1115 992 ἡ

105 1011 245 1099 δευτέρα
262 1022 321 1098 τῆς
338 1014 456 1099 νεάτης
472 1014 581 1100 αληνι)
597 1024 660 1083 τοῦ
677 1014 775 1103 ἀέρος
790 1015 899 1099 dudm
917 1013 1019 1099 ἐστίν,
1029 1012 1117 1079 unde

104 1122 237 1204 apparet
259 1120 457 1187 vibrationes
479 1120 672 1187 chordarum
691 1123 876 1187 numenius
899 1140 980 1205 esse,
1005 1120 1116 1187 nescio

105 1226 156 1291 cui
183 1226 304 1291 maiore
335 1225 405 1291 iuro
431 1226 603 1311 vindicem,
635 1248 732 1310 quam
759 1226 803 1313 ei,
833 1226 890 1311 qui
918 1226 1047 1310 scripsit
1075 1224 1116 1292 de

104 1330 210 1396 audib.
234 1328 364 1399 803l‘lz
386 1332 424 1398 rb
447 1328 486 1397 dl
506 1332 588 1397 αὐτὸ
610 1334 787 1417 συμβαίνει
807 1338 907 1397 τοῦτο
925 1330 1013 1414 (scil.
1035 1346 1118 1397 σνν-

105 1435 270 1502 ἄιιαεσθαι
298 1437 339 1502 τὰ
365 1436 573 1520 διεστηκότα,
598 1435 680 1502 ὅταν
701 1434 870 1521 φέρωνται
895 1434 1039 1521 ταχέως)
1059 1434 1118 1505 καὶ

104 1540 181 1627 περὶ
207 1543 266 1618 τὰς
293 1544 498 1627 συμφωνίας.
543 1541 601 1606 διὰ
625 1542 688 1627 γὰρ
711 1542 750 1608 τὸ
770 1543 1119 1628 περισνγαασαλαμβά-

105 1654 226 1714 νεσθαι
253 1650 332 1724 τοὺς
354 1646 487 1734 ἑτέρους
507 1647 611 1732 ἤχους
631 1647 698 1714 ὑπὸ
723 1659 793 1714 τῶν
814 1646 935 1735 ἑτέραν
954 1645 1011 1713 καὶ
1033 1652 1118 1729 (μὴ)

106 1757 282 1838 γίγνεσθαι
309 1754 368 1831 τὰς
393 1752 614 1830 καταπαύσας
639 1753 751 1821 αὐτῶν
776 1754 858 1840 ἅμα,
888 1753 1120 1822 λανθάνωσιν

105 1859 190 1945 ἡμᾶς
203 1860 242 1924 αἱ
251 1858 372 1944 μεταξὺ
386 1863 580 1945 γιγνόμεναι
594 1865 708 1944 φωναί
719 1858 776 1948 (an
788 1859 955 1949 σιωπαίῖ).
981 1861 1121 1946 hypates

107 1966 192 2031 enim
214 1966 279 2030 rari
303 1966 386 2030 ictus
404 1965 451 2029 ita
469 1965 783 2050 comprehenduntur
800 1964 1120 2053 (neocovmwlup-

106 2070 280 2159 βάνονται)
302 2071 423 2136 crebris
441 2072 559 2137 ictibus
577 2075 675 2158 netes,
694 2076 731 2137 ut
749 2073 818 2137 bini
836 2076 925 2137 netes
943 2073 1026 2136 ictus
1045 2092 1120 2137 con·

105 2183 224 2265 gruunt
251 2199 325 2242 cum
347 2177 486 2242 chordae
503 2179 709 2265 gravissimae
727 2179 846 2243 ictibus
864 2177 1006 2265 singulis.
1040 2177 1121 2242 bau-

106 2285 183 2349 sisse
219 2285 321 2371 igitur
358 2284 507 2349 videntur
541 2307 642 2349 unum
678 2285 730 2349 vel
764 2284 851 2350 uliud
881 2284 1121 2369 problematum

106 2394 253 2455 auctores
280 2413 320 2456 ex
347 2390 432 2456 libro
461 2391 516 2455 illo
544 2391 619 2477 περὶ
647 2392 820 2458 ἀκουστῶν
847 2391 898 2456 vel
927 2412 943 2455 e
973 2391 1121 2457 doctrina

106 2495 299 2583 Heraclidis,
326 2519 429 2582 neque
457 2501 566 2563 tamen
593 2502 663 2562 arta
685 2499 726 2564 iis
748 2497 917 2563 intercedit
939 2498 1121 2562 necessitas.

105 2625 172 2668 nou
200 2608 275 2668 sunt
302 2603 405 2667 multa
433 2625 513 2689 quae
541 2605 748 2691 concordent3
778 2608 827 2669 est
854 2609 966 2668 contra
992 2605 1026 2667 in
1054 2626 1119 2688 quo

108 2710 305 2775 dissentiunt.
354 2732 430 2775 nam
462 2711 496 2776 in
527 2711 620 2776 initio
648 2709 821 2798 fragmenti
853 2710 891 2775 de
923 2709 1121 2776 audibilibus

108 2820 220 2881 auctor
243 2817 447 2901 reprehendit
470 2840 524 2882 eos
547 2819 601 2903 qui
625 2839 721 2882 sonos
744 2818 813 2882 fieri
832 2817 939 2882 dicant
957 2838 1028 2881 aere
1048 2838 1123 2881 oon-

108 2921 246 2988 formato
270 2932 315 3010 τῷ
338 2925 397 2990 τὸν
421 2923 500 3010 ἀέρα
523 2928 777 3009 σχηματίζεσθαι
799 2951 857 3010 —3
880 2924 990 2989 dicunt
1012 2927 1121 2990 autem

109 3029 171 3094 hoc
193 3033 339 3094 auctores
361 3030 598 3113 problematum
621 3029 667 3094 XI
682 3033 722 3095 51
740 3028 821 3117 (93).
841 3033 892 3096 23.
937 3029 1024 3115 quod
1047 3052 1121 3096 cum

107 3158 168 3201 nec
189 3137 230 3201 ab
249 3134 425 3200 Aristotele
446 3158 506 3200 nec
528 3136 568 3201 ab
587 3135 757 3201 Heraclide
779 3137 929 3221 petivisse
952 3137 1122 3202 videantur

110 3399 166 3452 aad
182 3327 319 3452 lggrppee
334 3344 394 3382 esee
410 3328 542 3383 dicuntur
550 3345 634 3383 voces
645 3345 740 3384 eorum
750 3329 799 3399 qui
807 3328 1122 3399 vomuerintXl18(82),

180 3476 196 3523 a
215 3469 259 3524 Pr.
279 3469 552 3541 m12.4e(=eo).
571 3470 636 3524 m
650 3476 674 3526 e.
694 3471 757 3525 aud.
778 3468 885 3527 eoum.
