2466 3870
34 352 38 359 ,
429 254 436 263 “
503 263 718 353 amnem
798 331 805 339 .
977 266 981 271 ’
1063 268 1140 341 1'45·

103 462 173 509 non
198 428 341 527 amplius
361 442 507 532 negabit
552 440 685 528 ἱκέτην
707 432 781 509 oum
799 440 849 509 illi
871 438 1024 509 chordam
1047 437 1129 506 dice

105 549 186 615 bant
203 551 239 615 et
254 547 394 617 ὑπάτων
413 549 666 635 tetrachordum,
682 549 877 637 gravissima
893 570 950 615 eos
968 548 1129 637 cogitasse

104 654 315 723 maiiestum
337 662 397 723 est
433 678 494 723 neo
515 678 537 723 a
559 655 699 743 trigonis
722 654 774 719 vel
796 654 958 739 psalteriis
981 654 1129 721 barbaris

102 760 176 851 (uhi
202 762 312 848 ὑπάτη
342 767 413 830 erat
435 762 557 829 chorda
578 760 784 851 longissima)
807 762 926 846 petitas
952 782 1022 827 esse
1043 762 1131 829 locu·

105 870 224 958 hones,
251 871 309 937 aed
335 894 356 937 a
382 870 502 937 fidibus
526 868 660 937 Graecis
687 870 909 956 unusquisque
936 868 1030 935 facile
1056 890 1130 935 oon·

40 978 56 997 ⁶
105 978 204 1047 cedet
248 978 421 1064 ὑπεροχήν
446 977 495 1045 illi
519 976 709 1045 tribuebant
731 978 821 1043 sonis
842 978 1012 1064 gravibus3
1035 976 1070 1043 hi
1092 984 1131 1041 ut

107 1084 318 1173 praestabant
338 1085 495 1151 materiae
518 1085 614 1171 copia
637 1089 670 1151 et
693 1086 782 1150 vocis
805 1083 1008 1170 fortitudine,
1037 1085 1131 1149 utin

106 1212 229 1259 canone
237 1192 431 1259 oriebantur
443 1214 462 1259 e
475 1191 616 1259 chordae
629 1190 842 1279 longitudine,
855 1192 903 1257 ita
915 1191 1131 1277 ὑπερέχοντες

107 1299 298 1368 dicebantur
316 1304 350 1365 et
364 1298 497 1367 ὕπατοι.
533 1298 658 1385 posteri
671 1298 801 1385 quidem
815 1299 973 1365 tensionis
987 1298 1019 1364 vi
1032 1320 1131 1365 sonos

107 1408 278 1475 metientes
301 1408 336 1472 in
358 1406 558 1473 numerando
581 1428 649 1473 non
671 1407 779 1473 minus
802 1428 899 1491 quam
917 1407 953 1471 in
971 1406 1130 1493 loquendo

107 1512 222 1604 (uzu)
250 1514 478 1601 praeferebant
503 1518 613 1601 acutia
639 1514 779 1579 maiores
802 1513 903 1579 ultera
927 1515 977 1580 usi
999 1519 1132 1579 suntet

107 1622 332 1689 numeratione
355 1626 389 1689 et
411 1622 585 1689 locutione.
621 1626 795 1707 postquam
818 1627 927 1687 autem
944 1621 1131 1687 Aristoxeni

110 1727 223 1796 diebus
246 1729 299 1795 vel
322 1733 419 1795 amma
439 1750 525 1796 novo
548 1750 647 1796 sensu
670 1728 835 1795 adhibitae
857 1733 935 1795 sunt
953 1750 1047 1795 voces
1066 1728 1132 1795 ὑπό

109 1842 143 1901 et
163 1835 264 1921 ὑπέρ,
290 1837 411 1903 mirum
433 1858 501 1903 non
523 1840 583 1923 eat,
607 1837 695 1923 quod
717 1841 750 1903 et
772 1836 974 1921 problemata
997 1836 1052 1903 illa
1075 1837 1132 1924 qui

110 1944 312 2028 scripserunt
325 1949 479 2011 revocant
493 1946 565 2011 ἄνω
581 1945 622 2010 ad
635 1965 734 2010 sonos
748 1949 869 2010 acutos.
892 1967 939 2030 pr.
949 1943 1026 2010 XIX
1041 1946 1071 2011 3.
1082 1946 1134 2011 37.

177 2050 306 2117 Mutata
325 2057 376 2119 est
394 2053 510 2118 tertiae
529 2053 575 2117 rei
595 2052 818 2118 consideratio.
856 2051 1029 2119 Stellarum
1048 2054 1134 2119 euim

112 2158 282 2226 mobilium
315 2181 415 2226 sonos
448 2160 489 2225 ab
521 2160 616 2226 initio
646 2159 759 2226 Graeci
787 2181 842 2227 eos
870 2182 940 2226 esse
966 2160 1134 2246 putabant,

111 2288 192 2353 quos
210 2265 431 2333 Nicomachus
453 2269 514 2334 o.3
535 2267 686 2353 ostendit,
709 2272 747 2332 ut
765 2266 897 2334 Saturni
915 2269 1134 2355 grauissimus,

110 2374 205 2440 lunae
228 2377 437 2441 acutissimus
461 2379 548 2441 esset
566 2374 692 2440 sonus.¹
733 2376 856 2459 posteri
879 2376 926 2439 ita
949 2376 1134 2439 universum

111 2481 255 2548 ordinem
276 2484 487 2569 inverterunt,
506 2486 544 2546 ut
563 2486 676 2547 acutos
695 2504 792 2547 sonos
807 2482 988 2547 tribuerent
1000 2483 1135 2568 superis,

112 2612 226 2678 graves
256 2589 369 2656 inferis
395 2587 566 2676 planetis.²
610 2610 718 2655 nonne
745 2588 824 2655 haec
851 2588 1021 2655 cohaerere
1046 2589 1135 2655 vides

112 2718 184 2764 cum
216 2698 257 2764 iis
286 2720 367 2784 quas
395 2697 492 2763 modo
523 2697 773 2763 ostendebamus
801 2697 1135 2763 considerationibus?

113 2808 280 2872 materiem
309 2812 342 2871 et
368 2805 496 2891 pondus
525 2806 602 2870 dum
631 2805 678 2871 illi
707 2810 855 2890 spectant
883 2807 917 2871 in
945 2806 1134 2890 corporibus

185 2972 197 3018 1
220 2960 398 3033 Quamquam
418 2964 461 3018 sol
480 2980 537 3019 non
557 2965 594 3018 ab
613 2963 696 3019 initio
710 2963 835 3019 medium
850 2966 957 3018 astrum
971 2963 1133 3034 putabatur.

114 3035 198 3089 immo
213 3033 296 3089 Plato
315 3038 345 3089 et
358 3034 527 3091 Aristoteles
546 3052 635 3119 prope
653 3039 758 3090 terram
773 3034 871 3091 locant
884 3035 979 3090 lunam
994 3040 1024 3089 et
1038 3035 1133 3103 solem,

114 3109 145 3160 ut
172 3105 281 3161 locavit
308 3105 443 3162 Eudoxus
474 3106 591 3163 Cnidius
619 3107 707 3176 (l'heo
731 3111 796 3161 astr.
816 3112 848 3161 31
869 3126 897 3178 p.
918 3112 968 3161 119
983 3107 1035 3177 ll).
1073 3107 1134 3163 eius

114 3176 286 3246 systematis,
305 3176 385 3231 cuius
400 3178 497 3234 media
511 3179 541 3233 in
554 3181 637 3250 parte
651 3179 759 3248 estaol,
779 3182 878 3234 auctor
891 3178 947 3232 fuit
960 3178 1132 3235 lleraclides.

114 3248 218 3318 Schiap
239 3248 322 3303 arelli
351 3253 512 3321 mewsora'
529 3253 561 3306 di
581 3251 730 3322 Copmico
747 3269 774 3333 p.
790 3255 832 3306 27.

183 3324 200 3373 2
251 3319 287 3376 ic.
311 3292 378 3378 Fixa.
402 3321 444 3379 δῦ.
475 3321 574 3378 confer
601 3324 726 3392 system
752 3321 837 3390 illnd,
869 3322 945 3391 quod
973 3321 1135 3377 describunt

112 3389 273 3472 allexander
294 3392 435 3519 Ephesius
462 3394 551 3466 (apud
573 3393 717 3450 Thoonem
740 3396 806 3450 astr.
832 3398 865 3448 1⁶
888 3413 916 3466 p.
936 3396 1011 3464 140),
1034 3392 1134 3450 Censo-

112 3479 189 3546 nnus
202 3469 244 3532 1³,
254 3464 325 3519 thr
337 3464 379 3521 les
388 3465 490 3521 Tatius
505 3466 543 3521 ad
552 3465 635 3521 Arati
648 3465 750 3537 phaen.
760 3471 802 3536 11,
811 3464 920 3520 Plinius
934 3469 991 3521 nat.
1003 3466 1029 3520 ll
1038 3472 1081 3533 22,
1091 3470 1134 3533 84,

111 3532 243 3606 Hygmus
254 3539 336 3663 §get
356 3541 424 3595 astr.
440 3538 479 3593 IV
494 3545 536 3594 14.
567 3538 613 3608 Hy
636 3538 696 3593 ‚de
715 3537 798 3593 limit.
812 3556 840 3609 p.
857 3537 951 3593 18411.
980 3539 1015 3593 de
1034 3537 1087 3593 hac
1105 3554 1135 3593 re

165 3610 232 3662 runt
298 3608 369 3663 eckh
392 3609 517 3681 Bildung
540 3609 590 3665 der
646 3610 760 3666 eliseele
784 3613 846 3681 (scr.
871 3609 981 3664 minora
1003 3609 1041 3664 lll
1065 3614 1134 3679 111).

136 3723 143 3734 .
162 3678 343 3735 Bellermann
361 3683 451 3737 Anon.
471 3701 498 3753 p.
513 3687 557 3738 91.
594 3682 650 3736 Jan
668 3680 699 3737 in
717 3682 865 3755 Philologo
883 3681 932 3737 L11
946 3687 988 3736 22.

166 3780 225 3823 uus.
238 3781 319 3830 script.
334 3781 368 3823 ed.
382 3782 444 3824 Jan.
888 3776 924 3828 lt
