2466 3870
77 82 144 175 ⁷xh
174 131 197 158 '·
388 117 590 175 Dee-codicibus
608 117 812 194 manuscriptis,
921 156 926 160 .
1000 93 1012 121 ⁵

63 283 84 351 l)
111 320 125 335 ·-
164 287 202 344 dn
224 286 268 343 VI
290 288 375 362 parte
398 285 428 342 H
449 283 566 340 exhibet
588 284 701 354 partem
720 281 848 339 Theonis
871 289 902 342 et
916 317 957 325 -
974 288 1010 342 nt
1031 285 1107 343 vidi-

100 393 165 433 mus
180 376 384 431 transeuntem
397 369 621 428 Riccardianum
637 399 675 407 -—
693 386 794 425 aroce
809 370 974 445 πνεύματος
988 393 1015 448 p.
1027 375 1105 447 57‚o

102 463 212 520 transit
235 462 273 517 ad
301 461 443 534 isagogen
471 455 619 513 doctrinae
647 455 905 530 Aristoxenianae,
936 478 1026 532 qnam
1053 461 1108 518 alii

100 551 188 608 huius
216 546 332 622 generis
356 543 469 602 codices
490 542 653 601 inscribunt
675 540 707 601 ἐκ
729 551 787 602 τῶν
810 551 862 602 τοῦ
886 544 1054 621 Πάππου,
1077 548 1108 604 Η

101 636 195 693 tradit
222 633 284 688 sine
313 631 430 689 nomine
458 634 488 688 et
510 631 639 707 partium
664 631 766 691 indice.
813 633 910 707 spatio
934 633 1011 690 enim
1034 634 1107 690 duo-

101 741 167 780 rum
196 719 358 796 digitorum
385 719 487 780 relicto
514 720 619 796 incipit
642 719 781 801 Φθόγγος
810 717 862 798 μὲν
886 711 940 781 οὖν
962 717 1030 780 ἐστι.
1075 721 1107 777 in

102 811 242 867 contextu
266 813 365 867 autem
388 813 423 868 ut
442 811 591 869 concinere
610 811 707 870 solent
724 811 889 887 quicunque
909 810 1012 886 Pappo
1031 810 1108 867 hanc

103 896 268 954 doctrinam
291 898 456 974 vindicant,
478 900 522 957 ita
544 900 672 958 concinit
694 899 736 973 H,
758 904 793 957 nt
815 919 830 957 e
854 900 1001 959 communi
1025 899 1107 957 sonte

103 1003 203 1043 omnes
231 985 347 1045 fluxisse
375 987 563 1045 menifestum
585 988 645 1044 sist.
692 988 742 1062 qui
765 988 831 1045 lons
853 1006 907 1046 nec
930 988 996 1045 Par.
1021 988 1108 1045 2460

103 1093 156 1133 nec
178 1074 266 1132 Barb.
295 1093 357 1132 esse
385 1077 495 1150 potest3
522 1092 590 1130 nam
616 1076 677 1133 193
700 1074 729 1131 Η
754 1075 840 1133 dicit:
868 1075 949 1134 locus
972 1075 1021 1134 hic
1043 1077 1109 1133 erat

103 1163 224 1221 relictus
248 1162 404 1236 schemati3
426 1161 457 1219 in
476 1161 525 1218 PB
549 1164 647 1219 antem
671 1163 779 1220 adsunt
801 1163 952 1221 schemata
970 1182 1027 1221 sex.
1051 1163 1111 1221 fuit

103 1251 229 1309 fortasse
252 1250 345 1324 Neap.
363 1251 391 1323 2,
414 1249 444 1306 in
468 1268 524 1325 quo
548 1253 659 1326 postea,
682 1270 741 1309 non
764 1252 850 1309 initio
873 1253 1017 1327 inscripta
1040 1255 1111 1310 sunt

103 1339 158 1396 illa
181 1337 409 1413 diagrammata,
432 1341 485 1396 aut
502 1336 569 1396 Vat
586 1340 646 1397 671
672 1342 725 1398 aut
743 1339 815 1398 Ven.
829 1341 912 1413 512.
950 1341 1063 1397 erravit
1079 1340 1110 1397 H

104 1426 135 1482 in
161 1426 268 1499 180,1
293 1421 442 1504 διὲραισις,
465 1437 481 1486 8
504 1426 674 1506 primda,
698 1439 713 1487 9
737 1427 913 1506 πραγματία,
937 1439 969 1486 16
993 1435 1109 1504 σιωπῆς,

105 1513 207 1571 omisit
224 1515 285 1572 tres
308 1532 396 1573 sonos
421 1515 496 1589 183,
510 1525 534 1574 9.
571 1515 674 1574 melior
697 1519 797 1573 autem
815 1515 933 1572 videtur
951 1533 1041 1590 quam
1059 1515 1110 1573 BP

104 1603 137 1660 in
161 1603 269 1677 181,2
293 1599 471 1678 ἆποτελέσμα
493 1598 532 1661 δὲ.

63 1688 90 1755 3)
172 1690 291 1764 Lipsiae
316 1693 470 1747 servantur
491 1690 522 1747 in
544 1689 723 1749 bibliotheca
745 1691 889 1749 civitatis:

172 1777 251 1854 Lips
269 1780 318 1835 24.
344 1777 371 1836 S.
386 1777 448 1836 XV.
476 1777 549 1852 Nic,
564 1779 643 1853 Arx,
656 1778 748 1854 Alypi
762 1798 785 1838 c.
803 1783 829 1837 1.
858 1781 986 1839 excussit
998 1780 1111 1838 Beller-

106 1885 203 1941 mann‚
227 1885 280 1925 nec
303 1885 480 1943 magnopere
504 1866 642 1924 differunt
664 1867 804 1926 lectiones
825 1868 862 1926 ab
881 1870 975 1926 altero
995 1869 1074 1943 Lips.

64 1969 91 2012 n.
172 1955 251 2029 Lips.
272 1957 321 2012 25.
347 1954 374 2012 S.
390 1954 451 2012 XV.
475 1954 520 2012 Ps.
532 1955 622 2029 Euat,
646 1956 737 2031 Eucl.,
755 1958 834 2031 Arn,
852 1958 989 2032 Alypius,
1008 1955 1113 2031 (itud,

63 2052 94 2118 ,4)
107 2043 171 2101 Nic.
191 2043 206 2099 Ι
230 2046 260 2100 et
283 2043 326 2116 Π,
349 2042 420 2116 AQ.,
442 2043 510 2117 Bry.

172 2130 229 2189 Hic
256 2131 289 2189 in
312 2130 443 2189 Euclidis
470 2131 596 2188 sectione
620 2132 684 2207 agit
706 2151 771 2190 cum
794 2133 830 2205 U,
854 2133 944 2190 habet
966 2134 1044 2190 enim
1068 2131 1112 2191 λέ-

106 2224 213 2298 γεσθαι
239 2222 359 2294 149,9,
388 2217 550 2295 διαφόνους
578 2231 608 2278 18
632 2224 662 2276 et
685 2232 731 2294 20,
759 2219 790 2279 τὸ
814 2221 831 2278 b
858 2224 977 2295 150‚c,
1005 2226 1112 2280 πολλα-

106 2307 231 2367 πλάσιον
255 2320 284 2384 7,
306 2306 358 2366 τὸν
381 2309 432 2384 nl,
459 2306 561 2366 λοιπὸν
585 2308 676 2384 μονάς
702 2311 777 2383 152,
792 2321 821 2382 8,
850 2307 865 2368 ὁ
889 2311 906 2367 b
1005 2314 1112 2369 πολλα-

106 2395 228 2466 πλάσιος
246 2392 266 2472 ἢ
285 2393 435 2473 ἕπιμόριος
453 2389 527 2455 εἶναι
546 2397 617 2470 154,
631 2409 655 2455 3.
688 2398 790 2455 eadem
805 2398 938 2456 codicum
953 2399 1113 2457 necessitas

107 2485 204 2542 elucet
230 2504 246 2540 e
271 2485 380 2542 Zosimi
408 2485 619 2558 subscriptione
644 2489 674 2542 et
697 2506 711 2543 e
736 2485 984 2562 diagrammatum
1008 2488 1112 2545 forma.

106 2572 198 2630 habet
220 2572 298 2629 enim
326 2575 448 2647 uterque
475 2572 584 2649 figuras
612 2575 642 2630 et
667 2573 773 2647 prioris
801 2578 832 2631 et
859 2575 981 2632 alterius
1008 2593 1113 2632 manus

108 2681 143 2719 ex
165 2660 197 2718 M
220 2661 438 2736 transscriptas
460 2661 550 2718 habet
572 2660 748 2736 discerptam
768 2661 851 2739 fig.4
877 2666 907 2720 et
929 2664 990 2720 alia
1009 2682 1112 2738 aequa.

109 2750 188 2825 quod
216 2751 316 2807 autem
343 2750 367 2807 L
394 2750 513 2826 ignorat
540 2767 614 2824 quae
642 2750 673 2807 in
696 2751 723 2808 U
751 2755 804 2808 aut
830 2751 918 2809 rubro
947 2755 1000 2809 aut
1026 2753 1113 2828 nigro

108 2838 205 2896 colore
230 2840 362 2897 correcta
385 2841 460 2911 sunt
483 2838 624 2896 concludo
647 2840 719 2896 satis
743 2840 865 2914 antiquo
886 2844 1016 2914 tempore
1037 2842 1114 2898 hunc

108 2943 170 2983 esse
208 2926 368 3001 scriptum,
405 2929 563 3000 antequam
596 2926 756 3001 quidquam
787 2929 818 2984 in
850 2928 877 2985 U
910 2929 1113 3005 corrigeretur.

109 3014 148 3071 ad
170 3013 209 3069 W
232 3018 332 3072 autem
360 3014 384 3071 L
411 3015 537 3072 correxit
563 3013 642 3073 locos
672 3017 799 3088 189,1e.
827 3019 954 3090 190,14.
983 3019 1054 3091 195,
1069 3029 1111 3075 ac.

108 3101 279 3161 Aristoxeni
298 3106 411 3161 textum
429 3123 464 3160 ex
478 3102 505 3160 U
522 3102 660 3160 haustum
674 3107 762 3178 putat
776 3103 936 3179 Marquard
950 3125 977 3179 p.
993 3107 1113 3164 XXXII.

110 3321 160 3376 dt&
186 3331 283 3377 πασῶν
311 3322 360 3376 διὰ
386 3320 468 3377 πέντε
496 3322 547 3390 (ita
569 3323 601 3391 B)
624 3328 711 3390 τριπλ.
736 3323 767 3377 ὃν
791 3321 847 3392 ἔχει
870 3325 885 3378 ὁ
909 3329 941 3379 κδ
964 3327 1034 3394 πρὸς
1057 3329 1114 3384 τὸν.

109 3392 184 3449 unde
201 3392 281 3449 vides
301 3409 316 3448 e
335 3394 443 3448 duobus
461 3393 602 3448 codicibus
621 3394 824 3464 discrepantias
843 3395 968 3452 conferri
1005 3399 1041 3452 ad
1060 3402 1115 3452 ter-

108 3460 182 3519 tium
199 3465 274 3520 hunc
292 3465 398 3520 iontem
415 3481 513 3520 revoco
532 3469 594 3519 octo
612 3464 796 3519 correctiones
815 3482 833 3519 a
850 3465 873 3519 B
892 3465 1008 3524 ahenas.
