2466 3870
118 218 131 265 ι,
191 208 318 249 .·.-

412 263 601 325 nohum
620 220 657 327 ἀ
670 272 716 343 ιι.
741 236 892 361 οξτο-ιτ
911 268 949 326 ιι.
969 340 973 345 ,
1123 264 1195 345 261,

167 440 278 517 γενῶν
300 428 364 497 οὑκ
385 427 425 499 έν
445 442 518 511 τοῖς
538 428 698 521 τέσσαρσι
720 436 891 521 φθόγγοις
911 441 974 501 τοῦ
997 430 1054 499 διὰ
1075 426 1194 497 τεσσά-

167 562 239 625 ρον
261 536 434 625 διαφοράν
455 536 699 627 λαμβάνουσιν,
721 536 792 607 ἀλλ’
821 537 859 606 έν
875 542 993 625 μόνοις
1010 550 1081 618 τοίς
1098 534 1193 605 δυσί

168 642 315 729 μέσοις.
368 643 408 713 έν
442 642 506 733 μέν
542 640 607 713 οὑν
642 652 840 733 χρωματικῷ
872 642 892 711 6
922 648 1033 729 τρίτος
1065 641 1193 731 ἡλίάγη

168 752 324 836 φθόγγος
345 753 430 840 πρὸς
451 754 490 819 τὸ
514 748 686 835 διάτονον,
708 750 728 819 6
746 746 785 817 δὲ
802 749 959 837 δεότερος
976 759 1022 838 τῷ
1040 748 1103 837 μὲν
1121 753 1194 818 δια-

140 866 291 948 ιτονιιιηλ
318 858 338 927 6
360 859 462 937 αὐτὸς
485 861 632 945 ἔμεινεν,
661 858 819 945 ὑμοτονελ
839 855 877 925 δέ
899 866 945 947 τῷ
968 866 1030 924 τοῦ
1052 856 1194 944 έναρμο·

167 966 247 1033 νίον
272 968 383 1055 τρίτη).
427 963 466 1031 έν
492 960 531 1033 δέ
555 974 602 1055 τῷ
626 963 815 1055 έναρμονίφ
838 966 875 1032 οί
895 966 959 1033 δὺο
981 962 1078 1050 μέσοι
1101 962 1193 1049 έξηλ-

167 1068 319 1157 λάγησαν
359 1072 443 1160 πρὸς
482 1075 521 1142 τδ
563 1070 735 1142 διάτονον·
780 1070 857 1140 ὥστ’
903 1070 1114 1139 ἀποκεῖσθαι
1155 1070 1193 1139 τὸ

167 1176 371 1263 ἐναρμόνιον
392 1188 439 1269 τῷ
462 1182 626 1269 όιατόνφ,
647 1179 753 1266 μέσον
775 1178 807 1247 δ’
834 1178 947 1247 αὐτῶν
970 1175 1133 1265 ὑπάρχειν
1155 1170 1217 1245 ιδ’

167 1288 391 1371 χρωματικόν·
413 1288 535 1375 μικρὸν
557 1288 622 1373 γάρ
646 1286 868 1373 παρέτρεψεν,
890 1287 929 1353 ἓν
951 1287 1057 1371 μόνον
1080 1283 1192 1371 ἡμιτό-

128 1418 156 1459 ιο
167 1414 256 1476 νιον,
273 1390 340 1461 άπδ
358 1402 421 1461 τοῦ
439 1396 645 1461 διατονιιιοῦ.
676 1396 780 1461 ένδεν
797 1392 854 1461 παλ
868 1404 984 1479 χρῶμα
998 1394 1087 1477 ἔχειν
1100 1390 1194 1479 λέγο-

166 1520 230 1583 μεν
260 1501 342 1578 τοὺς
370 1498 571 1587 εὑτρέπτους
598 1499 813 1585 ἀνθρώπους.
883 1500 921 1566 οί
945 1497 1008 1585 μέν
1037 1494 1102 1567 οὖν
1131 1508 1194 1565 τοῦ

38 1656 41 1661 -
167 1607 392 1693 τετραχόρδου
411 1608 509 1693 άιιροι
528 1604 696 1686 έστῶτες
713 1610 865 1693 φθόγγοι
883 1606 1049 1692 λέγονται,
1067 1606 1109 1674 οὑ
1128 1606 1193 1690 γάρ

166 1716 431 1797 μεταπίπτουσιν
464 1712 502 1779 έν
532 1710 649 1781 οὑδενλ
679 1723 748 1779 τῶν
779 1724 901 1797 γενῶν·
933 1710 979 1801 (p
998 1711 1056 1802 27)
1089 1713 1126 1781 οί
1155 1710 1193 1780 δέ

167 1816 264 1904 μέσοι
286 1820 494 1906 κινούμενον
519 1822 556 1886 έν
575 1843 613 1904 γε
631 1828 677 1910 τῷ
698 1819 894 1909 έναρμονίφ.
931 1820 968 1887 ἐν
986 1817 1024 1887 δέ
1041 1828 1088 1911 τῷ
1107 1821 1193 1907 χρώ-

127 1951 246 2012 ιιματι
280 1924 300 1993 6
332 1927 488 2013 δεύτερος
519 1928 718 2012 κινούμενός
749 1950 785 1993 τε
818 1925 874 1992 καὶ
907 1927 948 1993 οὐ
980 1927 1191 2013 κινούμενος·

168 2035 252 2119 πρὸς
274 2029 336 2118 μέν
359 2035 423 2119 γάρ
446 2036 484 2102 τὸ
507 2032 667 2101 διάτονον
692 2034 733 2101 οὐ
756 2039 966 2120 μεταπίπτει,
988 2036 1072 2119 πρὸς
1094 2031 1131 2101 δὲ
1154 2039 1193 2101 τὸ

169 2140 369 2227 ἐναρμόνιον
392 2146 595 2227 μεταπίπτει.

236 2249 400 2334 Σύστημα
419 2246 457 2315 δέ
476 2244 561 2316 οὖσα
582 2248 603 2334 ἡ
622 2251 679 2316 διά
698 2261 815 2316 πασῶν
834 2256 899 2315 είτε
918 2246 1002 2334 ὑπὲρ
1016 2246 1119 2335 μέσης
1132 2247 1195 2326 ἕως

169 2355 525 2442 προσλαμβανομένου,
548 2363 613 2423 είτε
636 2357 703 2423 ὑπὸ
726 2355 829 2441 μέσης
851 2355 913 2434 ἕως
933 2358 1034 2441 νήτης
1052 2353 1194 2441 ὑπερβο-

126 2467 265 2541 ιολαίας
292 2462 329 2529 έν
356 2462 441 2529 ὀκτὼ
470 2464 606 2549 χορδαῖς
627 2501 669 2511 -
693 2472 752 2548 τῆς
779 2487 814 2529 τε
845 2464 902 2529 διὰ
931 2461 1103 2550 τεσσάρων
1130 2464 1194 2530 δύο

169 2573 278 2636 τόνων
305 2568 361 2635 καὶ
388 2571 566 2655 ἡμιτονίου
594 2571 714 2655 οὔσης,
741 2581 801 2655 τῆς
829 2594 863 2637 τε
889 2572 946 2636 διὰ
970 2570 1067 2637 πέντε
1091 2580 1194 2656 τριῶν

169 2680 279 2744 τόνων
300 2676 356 2743 καὶ
379 2678 556 2764 ἡμιτονίου
579 2677 794 2764 ὑπαρχούσης
812 2716 858 2726 -
876 2679 937 2744 οὐκ
961 2680 1067 2757 εὐθὺς
1088 2678 1122 2757 ἓξ
1141 2682 1194 2744 τό·

169 2810 239 2850 νων
254 2784 299 2863 ὡς
318 2787 353 2852 ολ
364 2786 521 2868 νεώτεροι
540 2789 736 2871 νομίζουσιν
756 2786 974 2870 ἀποτελεῖται,
993 2785 1076 2851 ἀλλὰ
1096 2784 1193 2851 πέντε

169 2895 278 2958 τόνων
301 2890 356 2958 καὶ
380 2894 442 2958 δύο
467 2903 534 2957 τῶν
558 2893 748 2978 λεγομένων
766 2892 959 2979 ἡμιτονίου.
997 2894 1079 2979 άπερ
1100 2895 1132 2959 εί
1149 2894 1194 2970 ὡς

127 3028 155 3067 ιι
171 2999 305 3084 άληθῶς
328 3000 429 3085 ἡμίση
452 3002 562 3066 τόνων
584 2999 727 3085 ὑπῆρχε,
751 3005 787 3066 τί
808 3000 931 3066 ἐκώλυε
955 3003 1057 3066 τόνον
1079 2998 1112 3079 ἐξ
1136 3001 1194 3065 αὐ-

170 3119 237 3173 τῶν
265 3106 501 3174 ἀποτελεῖσθαι
529 3106 585 3173 καὶ
613 3108 646 3186 ἓξ
673 3112 782 3175 τόνων
805 3106 967 3193 ὑπάρχειν
990 3109 1109 3192 αὐτὴν;
1133 3110 1194 3192 τὴν

242 3292 335 3347 1τοῐς
349 3301 402 3338 om.
419 3283 455 3338 Μ.
512 3285 618 3354 ίπρὸς
631 3285 681 3339 τὸν
695 3285 728 3340 R.
786 3291 817 3339 11
833 3293 883 3340 τοῦ
898 3302 951 3340 om.
966 3284 1003 3339 M.
1061 3290 1094 3339 13
1109 3303 1193 3354 μετα-

170 3357 321 3411 πίπτουοιν
333 3357 364 3423 Β,
380 3353 581 3411 διατάττουσιν
596 3356 691 3426 Ραυλι,
706 3354 928 3428 μετατρέπονται
938 3356 1003 3410 ΜΒ.
1060 3360 1094 3411 18
1108 3353 1193 3424 ὑπερ-

169 3425 256 3496 μέοην
275 3428 301 3482 R
319 3428 365 3498 (cf.
385 3427 433 3483 lin.
451 3444 475 3484 ιι
495 3429 525 3482 et
542 3446 569 3499 p.
585 3433 648 3496 268,
661 3432 698 3498 ι),
722 3429 780 3485 ἀπὸ
804 3425 889 3500 μέσης
909 3427 978 3495 ΜΒ,
1002 3427 1059 3483 όπδ
1078 3435 1128 3483 τοῦ
1146 3448 1192 3497 πρ.

167 3499 239 3569 πρὸς
256 3499 308 3569 τὴν
327 3521 353 3569 μ.
369 3499 456 3554 Pach.
475 3519 501 3571 p.
517 3505 578 3555 454.
641 3506 675 3554 19
693 3498 750 3556 ὑπὸ
769 3499 854 3571 μέσης
867 3500 933 3569 ΒΗ,
951 3497 1097 3569 ὑπομέσην
1111 3498 1193 3567 Bw,

168 3589 225 3644 ἀπὸ
249 3596 298 3657 τῆς
321 3610 348 3659 μ.
372 3590 442 3658 πρὸς
465 3589 517 3657 τὴν
541 3609 566 3645 ν.
590 3589 641 3658 τὴν
660 3587 760 3663 ὑπβ.””
778 3588 863 3644 Pach.
943 3594 978 3642 20
1001 3595 1049 3658 τὴς
1072 3609 1101 3644 τε
1126 3588 1193 3644 RM.

168 3666 201 3714 21
222 3660 271 3715 καί
291 3669 339 3731 τὴς
359 3661 388 3716 B.
463 3667 498 3714 λδ
517 3660 599 3724 τόνος
619 3657 648 3728 l}
669 3663 700 3717 [ό.
