2466 3870
235 111 298 188 Τῆς
322 115 482 189 μουσικῆς
507 106 593 180 ἔλεξε
621 110 778 186 Βακχεῖος
805 108 834 165 Γ
831 103 917 184 τ’ρων

190 218 315 288 Τόνους
339 217 483 297 τρόπους
506 211 587 294 μέλη
612 236 645 274 τε
670 210 722 273 καὶ
750 216 953 293 συμφωνίας.

190 323 303 408 Τούτῳ
329 320 465 407 συνῳδὰ
489 319 675 394 Διονύσιος
698 316 839 402 γράφων

190 429 256 493 luo
279 425 508 511 παμμένιστον
531 426 696 509 δεσπότην
720 427 981 490 Κωνσταντίνον

186 535 307 619 Σοφὸν
331 532 474 618 ἐραστὴν
497 532 651 597 δείκνυσι
674 529 902 617 τεχνημάτων,

191 643 257 708 Τον
280 652 348 706 τῶν
371 639 530 706 ἁπάντων
553 639 617 724 γὰρ
642 650 760 723 σοφῶν
782 638 1015 725 παιδευμάτων

181 748 386 833 Ἐφευρετην
410 771 445 812 τε
468 746 523 813 καὶ
548 747 651 831 δότην
674 750 845 831 πεφηνότα

192 856 320 939 Ταύτης
343 864 510 941 προσῆκεν
534 854 689 940 οὐδαμῶς
711 848 797 919 εἶναι
821 853 925 932 ξένον.

165 1051 216 1116 llx
248 1051 299 1116 his
332 1050 440 1116 verbis
474 1050 665 1116 concludere
697 1050 772 1116 licet
800 1051 898 1115 fuisse
926 1049 1118 1133 Dionysium

102 1159 254 1247 aliquem,
282 1159 338 1244 qui
365 1158 551 1224 admonitus
576 1156 783 1224 Constantini
812 1157 1016 1243 imperatoria
1042 1157 1119 1220 libe

103 1266 230 1331 ralitatc
259 1288 332 1331 cum
359 1266 438 1331 alias
466 1265 569 1330 bonas
600 1270 686 1331 artes
709 1270 779 1330 tum
802 1265 956 1330 musicam
983 1264 1118 1329 doceret.

102 1377 135 1437 ct
166 1377 272 1438 exstet
305 1372 343 1437 de
369 1371 653 1461 Pythagoreorum
680 1373 803 1437 musica
830 1372 976 1438 doctrina
1002 1393 1120 1456 parvus

104 1479 233 1545 libellus
261 1504 281 1545 a
307 1478 533 1546 Bellermonno
567 1502 640 1546 cum
668 1480 838 1564 anonymis
865 1503 894 1564 p.
922 1481 981 1546 101
1007 1478 1120 1561 editus,

103 1588 191 1653 cuius
219 1609 313 1652 verua
341 1587 456 1652 titulus
484 1609 551 1653 non
579 1592 629 1652 est
656 1585 813 1651 Bacchius
841 1586 896 1651 sed
923 1585 1120 1670 Dionysius.¹

103 1769 316 1778 ——0-——m—

177 1895 190 1943 l
214 1887 370 1958 Inscriptua
393 1888 509 1959 quidem
532 1892 577 1943 eat
599 1890 739 1943 tractatus
761 1887 810 1958 qui
829 1886 931 1958 incipit
950 1896 983 1958 τῇ
1002 1895 1121 1957 μουσικῇ

106 1957 206 2032 τέχνη
239 1960 270 2015 in
302 1959 447 2016 codicibus
474 1977 561 2015 mann
589 1960 702 2030 scriptio
730 1961 829 2016 eodem
856 1959 941 2014 titulo
968 1976 1024 2030 qao
1052 1959 1123 2014 hacc

105 2030 221 2086 Bocchii
244 2031 268 2086 ia
309 2048 368 2103 oge.
407 2033 437 2087 in
460 2033 515 2088 fine
539 2034 636 2087 tamen
660 2035 799 2086 tractatus
824 2031 1012 2113 subscriptum
1035 2030 1123 2085 hebet

106 2103 194 2187 Neap.
215 2104 254 2159 III
315 2110 332 2157 4
356 2102 522 2172 Διονυσίου,
557 2105 634 2174 quod
663 2119 764 2158 nomen
793 2103 822 2156 in
848 2120 910 2157 mar
931 2120 976 2157 rnc
1005 2102 1122 2157 duorum

107 2177 237 2231 codicum
256 2176 458 2231 Vaticanorum
476 2179 560 2245 (1364
579 2178 609 2231 et
628 2176 694 2231 Urb.
710 2179 754 2257 77)
778 2175 864 2229 etiam
888 2122 1060 2244 aiacriptum
1080 2177 1124 2229 eat

108 2247 198 2302 libelli
228 2248 319 2304 initio.
366 2252 395 2303 ct
422 2247 630 2319 Pythagoricae
660 2247 805 2301 doctrrnae
832 2254 865 2317 τῇ
894 2254 1011 2328 μουσικῇ
1040 2245 1122 2317 τέχνη

108 2336 201 2374 errore
229 2321 328 2374 datam
356 2336 417 2375 eoae
446 2337 548 2374 nomen
572 2318 700 2385 Bacchii,
730 2335 793 2372 cum
816 2318 893 2386 quod
915 2318 1002 2388 priori
1026 2317 1123 2373 libello

109 2391 296 2463 subscriptum
316 2396 377 2446 erat
396 2392 468 2446 falco
489 2392 526 2445 ad
545 2396 710 2459 sequentem
729 2391 886 2456 referretur,
906 2390 1011 2460 primus
1032 2389 1123 2460 Borgh

108 2463 253 2518 contendit
276 2463 305 2516 in
324 2463 465 2535 Philologi
485 2463 549 2516 xlv
568 2467 661 2532 (1869)
682 2469 745 2530 183,
770 2461 815 2516 cui
839 2479 892 2532 ego
912 2479 1041 2516 assensus
1061 2479 1124 2515 aum

110 2535 138 2589 in
157 2535 200 2591 ed.
220 2535 335 2589 Bacchii
353 2539 446 2606 (1890)
466 2555 491 2606 p.
508 2542 549 2590 24.
