2466 3870
531 1145 887 1222 PRAEFATIO.

659 1308 738 1315 -..μ-.-

275 1409 414 1475 Musicae
442 1411 519 1475 artis
548 1411 708 1475 doctrinas
737 1408 886 1492 Graecas,
918 1432 997 1494 quas
1024 1410 1218 1475 Meibomius

208 1537 292 1580 anno
317 1517 402 1581 1652
425 1517 567 1582 ediderat
590 1517 779 1603 redigendas
802 1538 870 1580 esse
889 1516 928 1579 ad
947 1517 1116 1581 meliorum
1136 1517 1219 1581 codi-

208 1645 281 1688 cum
299 1624 393 1689 fidem
411 1645 604 1707 quamquam
619 1623 713 1687 multi
728 1623 783 1686 diu
798 1623 969 1707 iactabant,
987 1623 1218 1687 aduersissimis

208 1735 316 1795 tumen
346 1730 442 1795 rebus
473 1728 594 1793 factum
627 1734 688 1812 est,
722 1734 758 1792 ut
785 1729 825 1792 ad
852 1727 937 1792 hunc
965 1729 1048 1793 diem
1078 1730 1217 1793 iacerent

207 1837 378 1922 neglectae.
418 1833 554 1900 Ioannes
574 1834 677 1901 Franz
701 1835 839 1920 quidem,
862 1837 917 1920 qui
940 1835 979 1899 de
1002 1836 1216 1920 inscriptioni-

208 1943 268 2007 bus
287 1941 415 2007 Graecis
438 1943 568 2007 edendis
591 1943 670 2006 bene
694 1943 828 2006 meritus
851 1947 907 2026 est,
931 1942 1034 2006 multa
1056 1943 1096 2006 ad
1120 1943 1216 2007 musi-

209 2070 262 2112 cos
285 2048 498 2112 restituendos
521 2053 769 2131 comparaverat,
792 2049 832 2112 ab
857 2070 939 2112 anno
965 2048 1050 2113 1833
1069 2050 1109 2113 ad
1130 2049 1214 2113 1839

206 2154 327 2219 Romae
364 2158 506 2219 versatus
544 2154 664 2217 multos
702 2154 825 2218 codices
863 2155 912 2219 vel
949 2160 1131 2219 excusserat
1165 2155 1215 2219 vel

208 2261 479 2344 transscripserat,
506 2264 613 2323 textus
633 2261 738 2323 ,etiam
767 2260 948 2325 libellorum
976 2262 1216 2326 constituendos

208 2373 388 2449 susceperat
410 2388 605 2452 magnasque
629 2368 734 2449 operis
757 2371 865 2449 partes
887 2368 1076 2450 absolverat,
1100 2368 1154 2431 sed
1175 2406 1216 2413 -

208 2475 274 2536 sive
301 2473 427 2557 incepto
452 2473 519 2556 ipse
543 2473 680 2555 destitit,
708 2475 775 2536 sive
798 2473 987 2539 deficiebant
1010 2474 1215 2557 bibliopolae,

209 2616 250 2625 —
268 2583 395 2664 praetor
413 2579 564 2665 exiguum
583 2579 704 2642 laboris
723 2580 891 2663 specimen,
914 2581 952 2644 de
970 2582 1102 2644 musicis
1121 2579 1215 2645 Grae-

208 2687 253 2750 cis
282 2686 582 2750 commentationem
607 2684 765 2772 (Berolini
790 2684 904 2774 1840),
935 2687 1016 2751 nihil
1045 2709 1062 2751 e
1090 2688 1215 2751 scriniis

208 2793 355 2876 prodidit.
406 2813 466 2856 nec
497 2797 605 2857 tamen
636 2792 814 2875 spernenda
845 2798 894 2856 cst
921 2792 1016 2858 huius
1044 2795 1104 2858 viri
1132 2815 1216 2875 cura,

208 2899 325 2982 quippe
343 2898 398 2982 qui
417 2898 556 2980 plurima
569 2898 608 2961 ad
624 2898 756 2961 verbum
772 2920 789 2960 e
804 2898 965 2962 codicibus
980 2901 1217 2983 transcripserit

207 3010 239 3068 et
257 3004 374 3068 codicis
393 3004 556 3068 cuiusdam
577 3026 629 3068 eas
647 3010 755 3088 partes
775 3004 954 3089 contulerit,
972 3027 1053 3089 quae
1070 3007 1215 3070 aceteris

205 3111 369 3197 neglectae
391 3111 431 3173 ad
455 3131 545 3175 veras
563 3111 717 3188 lectiones
728 3112 974 3177 ,constituendas
992 3113 1100 3176 valent
1118 3114 1217 3197 pluri·

207 3239 293 3281 mum
313 3215 394 3303 (W).
425 3215 488 3280 hoc
506 3223 633 3281 mortuo
653 3214 771 3302 (1851)
790 3216 912 3281 Poetlro
928 3215 1104 3282 Grimensis
1123 3242 1217 3302 appa-

206 3328 311 3387 ratum
340 3329 525 3409 congestum
555 3325 669 3387 emisse
698 3323 920 3408 doctrinasque
948 3324 1092 3389 editurus
1117 3327 1215 3390 fuisse

207 3430 336 3512 dicitur,
368 3430 454 3493 locos
487 3428 583 3493 etiam
617 3429 790 3496 nonnullos
820 3452 837 3494 e
863 3429 990 3493 Fabrici
1019 3431 1213 3495 bibliotheca

206 3536 381 3620 exscripsit,
404 3536 437 3600 in
461 3535 625 3620 publicum
650 3536 704 3599 ille
727 3535 808 3599 nihil
832 3536 938 3601 edidit.
977 3538 1040 3600 iam
1064 3542 1213 3601 monente

207 3642 392 3728 Ritschclio
414 3643 454 3708 od
487 3641 626 3706 musicos
658 3642 870 3725 publicandos
896 3665 928 3706 se
957 3644 1095 3706 accinxit
1120 3641 1144 3706 F
1147 3665 1217 3706 ran-
