2466 3870
155 500 291 571 tullerit
336 502 392 573 lu‘o
418 512 529 574 autem
551 510 710 593 tanquam
730 507 896 575 solitarius
912 507 949 573 in
965 504 1092 571 deserto
1109 520 1183 587 pro

155 608 255 695 pheta
281 634 359 681 suos
385 613 545 682 edocebat
569 613 654 680 illud
678 614 747 681 siud
771 634 840 681 non
864 612 1052 680 Mariorem
1072 608 1182 676 locum

154 718 351 809 significare,
386 722 445 789 sed
479 719 687 787 subdorium
722 723 839 787 tonum
869 718 921 785 vel
954 716 1182 783 semidorium

156 822 387 916 (προσεμφερῆ
415 825 553 916 δωρίφ).
600 827 708 894 virum
739 826 829 893 vides
858 826 917 913 qui
948 823 1048 891 alacri
1073 828 1182 891 mente

156 938 190 1001 et
219 940 309 1001 certa
339 934 468 1000 ratione
499 956 552 1001 rsa
580 934 704 1001 iudicat
730 939 776 1020 at,
808 934 912 1002 sicubi
938 930 1181 1000 multitudinem

157 1040 367 1127 deprehendit
393 1046 572 1128 ementem,
599 1042 758 1109 obsistere
783 1046 818 1110 ct
842 1042 979 1109 meliora
1000 1058 1181 1125 proponere

155 1168 223 1215 non
243 1153 383 1215 veremr.

223 1252 306 1321 cum
329 1260 439 1324 autem
455 1278 519 1324 neo
534 1254 739 1323 Academicis
755 1277 816 1323 uec
831 1254 1057 1342 Peripateticis
1073 1256 1182 1321 totum

154 1382 190 1429 se
215 1360 357 1429 dedisset
383 1368 418 1431 et
440 1362 627 1451 Speusippo
653 1367 785 1431 mortuo
811 1363 847 1431 in
872 1361 1013 1449 patriam
1035 1380 1182 1427 reversus

154 1470 321 1557 propriam
352 1471 499 1538 scholam
526 1471 720 1558 aperuisset,
750 1471 873 1539 multos
899 1468 1038 1537 Athenis
1064 1466 1182 1533 habuit

154 1578 282 1645 invidos
295 1582 331 1647 et
342 1580 502 1647 inimicos.
529 1600 593 1645 nec
605 1578 778 1646 &fuerumt
791 1579 965 1645 adremarii
977 1574 1096 1662 Xlllp.
1107 1572 1182 1642 chr.

154 1686 293 1754 saeculo.
327 1688 416 1754 inter
436 1708 494 1753 eos
516 1687 725 1773 potissimum
747 1687 804 1773 qui
826 1683 1126 1772 interpretabantur
1141 1681 1182 1748 ds

154 1794 278 1859 musica
291 1792 385 1859 illum
400 1793 578 1883 dialogum,
596 1795 653 1881 qui
667 1795 702 1860 iu
716 1792 881 1862 codicibus
893 1791 1037 1878 antiquis
1048 1793 1181 1858 nomine

153 1899 322 1967 Plutarchi
342 1902 520 1987 inscriptus
543 1902 586 1969 ab
608 1903 649 1968 iis
672 1903 730 1988 qui
751 1902 861 1969 hiatus
880 1906 1040 1968 venantur
1056 1898 1107 1965 illi
1124 1898 1179 1964 alr

155 2007 341 2094 iudicatnr¹,
363 2010 443 2076 novi
461 2008 627 2076 Heraclidi
651 2001 847 2078 exstiterunt
868 2009 1001 2093 inimici,
1024 2006 1180 2092 equibus

154 2136 246 2200 unus,
264 2114 334 2181 llic
352 2115 544 2184 Volkmann
561 2117 717 2185 Lobeckii
735 2119 842 2185 verbis
859 2141 938 2184 usus
957 2116 1008 2205 (in
1020 2114 1181 2203 Aglaoplu

154 2244 185 2307 p.
199 2221 281 2312 328)
305 2245 379 2290 eum
403 2224 509 2290 dicere
532 2226 678 2291 animum
701 2227 826 2293 inducit
846 2227 1002 2294 hominen
1023 2228 1060 2288 uc
1075 2242 1181 2289 comtes

154 2330 258 2397 suunt
286 2336 317 2398 et
342 2333 387 2398 ud
406 2334 620 2399 mcntccndum
637 2335 881 2417 paratissimum
902 2338 933 2400 et
953 2333 990 2396 in
1011 2330 1181 2395 odmoudis

155 2436 291 2503 oliorum
324 2439 496 2522 froucistus
531 2440 773 2522 modusicam,
814 2442 869 2524 qui
895 2458 1047 2523 mrtem,
1083 2437 1180 2503 imno

154 2545 324 2610 minimam
348 2546 445 2630 fidem
470 2553 627 2614 mercatu
654 2546 754 2635 (Plut.
772 2570 803 2632 p.
817 2545 888 2635 XI).
934 2544 1022 2632 quod
1048 2544 1136 2609 enim
1163 2566 1180 2609 e

154 2651 383 2719 vetustissimis
411 2653 610 2740 templorum
638 2656 902 2740 inscriptionibus
925 2676 1000 2720 cum
1023 2650 1181 2717 aliatum

155 2759 282 2826 fabulas
305 2760 344 2826 de
362 2760 550 2846 Amphiona
567 2762 660 2847 Lino,
683 2763 793 2829 Anthc
811 2763 904 2829 Piero
927 2764 1076 2826 narratas
1094 2780 1182 2844 repe

155 2869 239 2954 tivit,
257 2869 323 2934 iras
340 2869 420 2935 istas
440 2871 612 2936 contruxit.
644 2871 701 2936 sed
718 2871 812 2955 plane
830 2874 993 2935 mutatum
1012 2871 1062 2932 est
1079 2866 1182 2933 homi·

153 2997 233 3041 num
251 2975 423 3042 doctorum
441 2976 606 3063 iudicium,
629 2983 802 3064 postquam
820 2977 901 3044 llud
917 2972 1090 3058 Westphal
1107 2972 1181 3038 Plu·

155 3083 260 3150 tarchi
276 3083 442 3171 dialogum
457 3084 560 3150 edidit
573 3083 689 3174 (Bresl.
703 3083 812 3173 1865).
848 3085 902 3150 hic
915 3084 1002 3149 enim
1015 3080 1180 3147 Heraclidi

155 3195 188 3258 et
220 3201 401 3278 συναγωγῇ
433 3203 503 3258 τῶν
532 3192 570 3259 ἐν
597 3203 741 3280 μουσικῇ
769 3192 869 3281 (Plut.
892 3191 928 3281 3)
956 3191 1053 3256 fidem
1080 3188 1181 3253 habet

154 3300 330 3365 maximam
352 3336 399 3347 —
421 3303 455 3364 et
478 3300 556 3385 quid
579 3301 683 3386 pluris
702 3302 825 3385 posteri
843 3300 1063 3366 existimemus
1082 3318 1179 3382 quam

155 3454 1073 3612 <u
1090 3458 1177 3610 uu

155 3616 200 3655 sm
221 3616 289 3657 vero
308 3619 372 3672 quus
391 3602 601 3658 adulescentuli
620 3602 766 3660 Plutarchr
784 3604 858 3660 hunc
876 3600 1007 3658 libellum
1026 3601 1178 3669 amburet,

154 3689 213 3728 non
240 3675 286 3729 sat
302 3673 364 3729 rari
386 3673 480 3729 simile
504 3674 717 3731 adulescentem
741 3674 865 3732 edidisse
887 3673 1010 3747 primum
1033 3669 1180 3727 doctrinae

153 3744 296 3815 specimen
314 3744 420 3801 librum
437 3748 521 3801 tanta
539 3747 724 3820 neglegentia
741 3751 899 3831 consutum.
