2466 3870
540 109 694 190 Euripidis.
1058 118 1124 182 429

103 281 216 347 monia
244 279 392 369 phrygia,
421 287 562 367 suntque
585 288 672 347 oerlo
695 283 875 349 enamonii
898 284 1025 371 generis
1047 283 1127 366 soni,

104 408 172 453 non
193 385 399 476 chromatici,
422 388 484 455 hoo
507 409 639 474 quoque
660 410 700 454 ex
713 386 867 453 Aiielidie
887 391 995 456 vorbis
1012 388 1065 479 (τὸ
1088 386 1126 457 δὲ

103 494 255 580 φρύγιον
278 494 314 562 ἐκ
338 498 441 563 τόνου
463 494 519 561 καὶ
541 492 678 573 διέσεως
695 493 779 581 κτλ.)
820 494 995 562 clarissime
1013 498 1125 564 elucet.

104 606 139 668 al
157 600 215 668 ubi
232 608 310 669 aunl
327 607 404 669 aunl
422 600 524 667 tibiae
541 600 606 667 iola
622 602 716 691 eigna
733 598 764 667 Ἰ
783 607 817 667 et
831 602 884 679 Οἳ
901 607 934 668 el
949 599 980 668 Ἰ
996 604 1125 689 quidem

103 708 215 776 adeeee
237 714 360 795 posset,
388 709 416 773 si
444 714 523 775 tono
548 707 646 775 eliam
668 710 827 779 Aiislidea
849 710 901 779 vel
922 713 992 778 eiua
1013 717 1126 777 auctor

84 816 321 884 deeoendiaeel
356 815 398 882 ab
435 816 553 883 ultima
588 822 679 903 nolu,
716 841 775 885 neo
810 824 918 887 lamen
954 818 1126 885 deseendit.

105 926 135 997 ξ)
164 924 305 989 scribere
334 924 442 1009 potuit
469 924 594 991 socium
622 927 693 991 aoui
722 924 813 993 l'ln
828 926 864 1013 b,
895 926 950 993 sed
977 926 1125 1011 pluribus

105 1032 141 1097 in
164 1030 343 1098 harmoniis
366 1030 421 1098 ille
440 1032 574 1097 tertium
592 1032 723 1121 siguum
741 1056 759 1099 e
776 1034 880 1120 apieeo
898 1034 1017 1119 omisit,
1039 1033 1127 1119 quod

104 1137 185 1225 quin
212 1137 362 1205 oonsullo
390 1138 505 1205 feeerit
533 1138 676 1207 dubitari
703 1142 835 1208 minime
863 1147 978 1227 polest.
1028 1142 1125 1206 tenio

104 1245 178 1312 looo
200 1245 324 1313 awdii
341 1246 430 1333 quod
447 1247 483 1313 in
500 1246 679 1335 lapidibus,
701 1270 783 1335 quoa
798 1248 884 1317 Galli
902 1248 951 1315 illi
968 1248 1125 1315 fortunali

103 1352 242 1441 Delphis
263 1376 367 1441 nuper
389 1354 597 1443 invenenmt,
625 1354 705 1423 liaeo
727 1356 811 1423 inim
832 1356 953 1443 aoriplo
974 1360 1126 1423 nolarum

104 1462 216 1549 series,
247 1462 289 1529 ad
321 1462 506 1529 canentium
535 1484 634 1529 eonon
659 1463 845 1531 aeribendoe
870 1462 1056 1551 adhibetur,
1088 1468 1125 1530 ul

105 1568 298 1654 neeoiamue,
330 1574 459 1637 rectene
490 1568 691 1637 Gaudentius
722 1571 808 1639 dieat
839 1568 881 1659 (o
903 1569 962 1660 21)
993 1572 1032 1639 τὸ
1063 1568 1126 1658 μὲν

105 1677 177 1743 ἄνω
207 1677 270 1761 τὴν
298 1676 388 1755 λέξιν
415 1675 451 1765 (i.
474 1698 502 1743 e.
526 1676 696 1745 hominum
723 1678 869 1769 cantum)
895 1678 1125 1764 ἀποσημαίνει,

104 1785 143 1851 τὸ
167 1780 205 1850 dl
222 1784 311 1850 κάτω
331 1785 393 1868 τὴν
410 1794 565 1870 κροῦσιν,
587 1808 725 1873 vereque
743 1808 811 1852 rem
829 1784 967 1871 amplius
985 1793 1125 1872 exponat

105 1890 267 1957 Aristides
291 1889 307 1957 Ι
333 1893 383 1957 11.
429 1892 516 1979 quod
548 1898 684 1960 ululae
711 1894 821 1979 habel,
853 1894 1006 1981 oonoedo,
1032 1896 1059 1961 ei
1084 1895 1125 1960 ad

105 1997 221 2064 tibiam
244 1998 302 2064 illa
324 1999 417 2087 siguo
439 2005 639 2086 revocentur,
661 2001 842 2090 significare
866 1997 897 2066 “l
921 2000 973 2089 (ul
996 2002 1124 2067 lolliam

106 2128 123 2171 e
147 2107 261 2172 formis
286 2103 418 2196 ΓΙ.’“1)
441 2131 558 2175 sonum
580 2110 597 2175 f
608 2142 650 2164 =
666 2110 724 2194 sa„
752 2116 783 2175 el
807 2113 835 2183 O
858 2108 1004 2197 (tertiam
1026 2132 1044 2175 e
1063 2110 1124 2175 for·

106 2215 167 2278 mis
183 2210 256 2281 CO
270 2215 313 2302 O)
337 2238 453 2281 sonum
469 2217 489 2279 b
502 2249 542 2270 ==
554 2218 612 2301 sil,
632 2239 757 2281 necesse
776 2223 882 2282 tamen
901 2240 968 2282 esso
983 2215 1123 2281 revocari

105 2323 145 2387 ud
175 2323 275 2388 tibioo
303 2346 400 2389 sonos
423 2325 503 2389 mihi
527 2347 594 2389 non
616 2326 772 2410 persuasi,
800 2325 945 2410 quemvis
969 2326 1124 2389 irascatur

106 2428 324 2517 Tubiugousis
357 2431 411 2495 illo
444 2431 644 2520 philologus,
676 2434 730 2517 qui
763 2432 860 2497 tibiae
893 2433 1000 2497 orusin
1033 2438 1123 2498 tanto

106 2537 213 2601 studio
238 2538 393 2623 defendit,
417 2544 454 2604 ul
479 2545 564 2605 reolo
588 2541 745 2604 uomiuuri
771 2540 915 2605 videatur
940 2539 1078 2605 Clusius.
