2466 3870
500 120 693 135 --·——-——
993 126 1098 135 -——
1152 130 1205 139 .,,..

451 234 457 239 ¹
543 278 774 340 ‚Ptoblemata
1040 258 1068 313 -’
1142 254 1187 341 45

171 444 206 507 et
227 438 322 505 mole.
359 444 392 505 et
415 462 488 506 oum
514 440 603 505 vocis
626 461 760 503 acumen
782 438 889 521 pn'ore
910 437 982 505 loeo
1002 439 1124 504 dietum
1143 439 1188 503 sit

173 544 291 610 fortius
310 567 381 611 esse
399 551 432 612 et
450 548 572 611 maiore
591 546 623 608 vi
642 543 786 628 exprimi,
810 564 895 607 nune
913 548 1026 609 eontra
1043 544 1187 633 gravitas

175 650 302 717 ridetur
315 654 464 738 superior
477 672 547 716 esse
561 651 755 735 maiorisque
767 650 938 715 firmitatis.
961 649 1044 715 hano
1053 649 1189 717 difficul-

174 761 276 825 tatem
299 760 421 845 optime
443 756 542 822 solvit
561 756 733 845 Stagirites
756 759 791 823 in
812 758 896 823 libro
921 756 959 821 de
981 759 1189 844 generatione

176 866 363 931 mimalium
377 864 408 929 V
423 867 452 949 7,
466 866 497 929 4.
528 864 701 952 distinguit
715 866 800 928 enim
813 864 867 928 ille
880 865 1046 929 materiam
1062 885 1190 928 moven-

177 972 249 1038 dam
272 970 325 1058 (τὸ
347 970 565 1060 κινούμενον)
593 976 626 1036 et
654 973 719 1034 rim
747 970 797 1034 rel
820 974 983 1035 auctorem
1006 973 1190 1035 moventem

177 1077 228 1164 (τὸ
242 1080 362 1161 ἰσχῦον
376 1076 428 1141 rel
440 1079 479 1144 τὸ
492 1075 635 1162 κινοῦν).
658 1096 714 1161 „ao
728 1076 756 1139 si
771 1075 822 1139 id“
836 1076 940 1160 inquit
954 1074 1067 1162 (supra
1081 1075 1190 1162 pao)

176 1181 282 1269 „quod
304 1187 454 1247 movetur
476 1185 608 1267 superat
627 1182 710 1246 vires
729 1183 797 1247 eius
817 1182 903 1266 quod
921 1186 1037 1266 movet,
1060 1204 1191 1247 neeesse

178 1292 227 1353 est
249 1287 341 1353 tarde
358 1288 436 1354 ferri
455 1287 542 1374 quod
560 1287 682 1352 fertur“
705 1290 724 1353 i.
744 1311 769 1354 e.
789 1311 827 1353 ex
847 1289 997 1353 materiae
1016 1289 1191 1353 movendae

177 1394 262 1460 mole
294 1396 444 1460 oriuntur
476 1394 548 1458 soni
580 1417 707 1481 graves,
740 1394 840 1459 veluti
873 1418 890 1459 e
917 1395 1023 1482 longis
1052 1395 1191 1479 chordis,

177 1501 285 1591 longis
308 1502 414 1586 tibiis,
438 1499 489 1565 vel
511 1522 529 1565 e
552 1500 681 1566 chordis
705 1500 792 1566 nulla
816 1502 846 1565 ri
870 1502 1011 1566 intentis
1049 1502 1191 1587 „sivero

178 1608 335 1675 movenda
352 1611 555 1693 superantur,
574 1606 722 1671 feruntur
741 1607 903 1673 celeriter‘
922 1609 940 1671 i.
955 1629 980 1672 e.
1000 1629 1039 1671 ex
1055 1609 1192 1674 motoris

179 1716 211 1780 vi
237 1719 270 1780 et
295 1714 451 1779 firmitate
473 1715 623 1779 oriuntur
646 1716 718 1779 soni
741 1715 835 1778 acuti.
880 1718 1006 1798 „motor
1028 1717 1137 1779 autem
1160 1717 1191 1780 vi

180 1844 237 1886 sua
268 1841 356 1885 nuno
388 1820 527 1885 inultum
558 1820 741 1905 propellens
769 1820 867 1884 efficit
895 1823 1018 1883 motum
1046 1822 1194 1885 tardum“

181 1925 347 2013 (materiae
370 1926 471 1992 moles
495 1949 590 2014 aegre
613 1931 702 1992 mota
723 1927 809 1991 lente
832 1924 955 2013 serpit),
978 1949 1082 2011 „nuno
1100 1927 1193 1993 facile

182 2056 335 2119 superans
367 2033 446 2098 facit
479 2037 605 2098 motum
637 2034 789 2098 celerem“
819 2031 968 2119 (materia
995 2035 1027 2098 ri
1057 2036 1193 2100 motoris

182 2139 273 2205 facile
310 2144 461 2224 promota
497 2139 600 2205 fertur
637 2139 805 2228 celeriter).
860 2141 905 2205 ita
937 2162 1018 2225 quae
1050 2164 1194 2229 pugnare

184 2246 374 2312 videbantur
396 2247 478 2312 bene
501 2247 722 2313 conciliantur.
764 2249 912 2312 oriuntur
935 2247 1063 2332 quidem
1086 2253 1194 2312 motus

186 2352 301 2418 celeres
334 2358 366 2418 et
398 2355 471 2419 soni
503 2356 590 2419 aouti
623 2358 693 2419 tum
723 2356 875 2419 firmitate
902 2358 971 2418 tum
999 2355 1194 2437 infirmitate,

185 2482 298 2545 nempe
325 2461 480 2525 firmitate
508 2462 657 2544 motoris,
687 2462 872 2526 infirmitate
895 2460 989 2525 molis
1013 2462 1194 2525 movendae.

186 2567 265 2632 bene
293 2568 396 2654 igitur
418 2565 613 2632 Aristoteles
642 2590 724 2652 quae
749 2568 792 2632 sit
815 2589 967 2632 sonorum
989 2571 1105 2632 natura
1127 2590 1196 2652 per-

185 2675 298 2758 spexit.
335 2695 394 2739 nee
417 2673 557 2739 multum
580 2673 667 2739 lente
689 2674 779 2759 ferri,
803 2675 953 2761 exiguum
976 2674 1121 2739 celeriter
1141 2674 1196 2739 ille

187 2783 338 2847 eontinuo
372 2782 545 2867 conoessit3
577 2805 652 2846 narn
686 2783 740 2866 qni
769 2783 814 2846 ita
842 2782 961 2866 dicent,
994 2780 1196 2865 aliquatenus

187 2892 270 2953 recte
285 2888 390 2954 dioere
404 2889 460 2973 ait,
475 2889 607 2953 omnino
623 2889 674 2952 vel
687 2889 863 2975 generatim
877 2910 943 2952 non
956 2892 1042 2951 reete
1056 2886 1113 2973 (ib.
1124 2892 1143 2967 ᾗ
1153 2886 1196 2973 2).

186 3016 288 3078 neque
311 2999 420 3059 tamen
444 2996 514 3079 ipse
538 3017 664 3079 semper
683 2996 791 3059 eadem
810 2993 934 3059 dicendi
953 2995 1101 3058 cautione
1120 3017 1197 3058 usus

187 3104 236 3164 est
267 3098 380 3186 (sicuti
407 3101 505 3185 paulo
534 3107 610 3185 post
637 3104 793 3186 seriptum
820 3102 955 3187 legimus
983 3105 1064 3185 ταχὺ
1093 3101 1197 3185 γὰρὸ

189 3206 300 3290 ὀλίγος
313 3206 420 3291 (dio)
436 3208 571 3293 φέρεται
587 3213 607 3290 ξ
623 3208 667 3295 5).
694 3210 776 3273 idem
790 3213 899 3272 monet
913 3208 952 3272 de
965 3209 1071 3272 anima
1086 3206 1157 3291 118,
1169 3209 1198 3290 8,

188 3334 228 3377 ue
256 3314 329 3397 quis
357 3315 493 3379 citatum
522 3315 573 3379 vel
600 3315 684 3380 celer
712 3318 815 3400 ipsum
843 3318 934 3398 putet
962 3336 1031 3380 esse
1059 3318 1198 3397 acutum,

188 3441 267 3484 neve
290 3419 419 3485 tardum
440 3422 546 3505 ipsum
565 3445 672 3509 grave,
697 3422 781 3507 quod
800 3444 931 3486 acumen
951 3423 1022 3486 soni
1041 3421 1199 3486 efficiatur

189 3530 297 3592 motus
325 3526 502 3614 eeleritate,
530 3529 594 3594 alio
620 3534 727 3594 autern
750 3530 821 3593 loeo
845 3528 964 3616 (gener.
984 3528 1057 3613 Vl,
1072 3528 1107 3614 6)
1131 3528 1199 3591 bre-

189 3634 273 3699 viter
295 3632 374 3700 dicit
396 3635 434 3710 τὸ
457 3632 495 3701 δὲ
518 3640 600 3721 ταχὺ
624 3636 682 3715 ὀξὺ
707 3636 743 3702 ἐν
767 3646 871 3722 φωνῇ.
910 3636 971 3700 hoe
995 3636 1023 3700 si
1047 3637 1200 3722 magister
