2466 3870
79 466 82 471 ·
193 444 368 515 Euclidem
397 446 435 515 in
464 448 654 517 stoicheiosi
684 448 875 536 putabimus
906 448 946 516 de
972 448 1062 517 sonis
1088 450 1123 517 et
1149 468 1226 515 eon·

194 552 356 621 sonantiis
377 555 533 624 subtilius
555 557 670 645 egisse,
692 576 791 642 quam
812 558 890 643 agat
911 557 948 623 in
964 556 1029 623 hoc
1045 554 1224 643 prooemio.

260 658 382 731 llelins
397 664 529 752 quidem
542 660 696 729 omnibns
708 659 861 727 Euclides
873 663 1105 749 geometricam
1118 666 1223 731 aitem

194 768 321 859 docuit,
350 793 458 859 neque
488 774 601 835 tamon
631 766 763 857 singula
791 770 964 855 praecepta
990 768 1060 855 ipse
1087 770 1222 861 invenit,

197 876 297 947 inimo
315 876 477 965 quidquid
494 876 574 941 boni
587 872 745 941 Eudoxus
759 874 949 943 Theaetetus
962 875 1019 943 elii
1031 877 1223 945 invenerant

195 984 230 1051 id
249 984 307 1053 ille
329 982 478 1071 collegit,
507 980 590 1049 bene
612 981 787 1069 disposuit,
814 983 938 1069 optimc
960 982 1223 1051 demonstravit.¹

196 1112 238 1159 ne
256 1087 452 1181 tinssmusica
477 1090 609 1178 quidem
636 1094 708 1156 arte
731 1110 791 1156 suo
814 1088 869 1155 ille
891 1089 1023 1179 ingenio
1047 1114 1098 1159 res
1118 1114 1222 1161 noras

197 1198 334 1284 detexit,
368 1218 447 1265 nam
480 1198 520 1265 de
551 1219 709 1265 sonorum
740 1201 775 1264 et
805 1197 1073 1285 symphoniarum
1103 1203 1222 1267 natura

194 1304 396 1395 Pythagorei
425 1307 493 1373 iam
523 1304 688 1393 permulta
718 1310 889 1393 noverant,
922 1309 955 1371 et
984 1304 1131 1393 Boetius,
1163 1308 1221 1395 qui

194 1392 365 1481 sense
387 1412 636 1481 manutium
659 1412 702 1479 se
721 1412 845 1479 uirum
863 1410 912 1479 iv
934 1412 1128 1501 mutiet.
1152 1412 1220 1481 fero

196 1523 306 1589 omnia
327 1542 413 1609 quae
434 1519 490 1587 hic
510 1520 607 1587 docet
629 1542 670 1587 ex
691 1519 932 1608 antiquioribus
950 1518 1097 1587 fontibus
1115 1522 1220 1607 petita

195 1630 261 1699 iani
281 1630 319 1697 in
340 1628 457 1715 primis
473 1627 569 1695 libris
587 1629 731 1715 exponit.
768 1628 868 1715 quid?
886 1627 974 1715 quod
992 1627 1089 1694 huina
1106 1629 1222 1697 sectio·

193 1738 245 1805 nis
261 1735 444 1805 munuae
459 1734 529 1801 fero
547 1757 661 1801 omnes
678 1739 837 1823 apparent
853 1735 891 1801 in
907 1734 1004 1803 Boeti
1020 1735 1077 1802 lib.
1095 1733 1139 1824 11,
1162 1736 1220 1803 ubi

192 1844 404 1935 gravimimee
443 1845 574 1910 tantum
611 1844 754 1929 protasis
790 1843 830 1910 de
866 1843 1021 1930 diapason
1055 1843 1221 1911 intervelli

194 1953 321 2019 istione
361 1949 396 2039 'A
439 1953 528 2017 certo
568 1950 801 2017 demonstratio
838 1949 1065 2017 desideratur.²
1122 1950 1220 2019 huius

194 2055 310 2127 autem'
333 2058 440 2125 libelli
470 2059 596 2145 primae
627 2059 806 2125 sententiae
834 2058 875 2124 ab
903 2058 976 2124 aliis
1003 2059 1218 2145 scriptoribus

194 2168 400 2235 vindicantur
415 2164 641 2254 Pythagoreis.
678 2188 755 2232 nam
777 2170 815 2232 ut
835 2170 959 2232 taceam
978 2165 1218 2237 deBoeti013

193 2281 226 2341 et
244 2274 277 2342 11
296 2276 341 2342 20
359 2271 442 2361 w,
459 2272 619 2340 Adrastus
633 2274 869 2360 Peripateticus
887 2275 922 2340 in
935 2272 1217 2362 Pythagoreorum

192 2383 374 2470 praeceptis
391 2381 472 2448 heeo
490 2403 524 2447 se
538 2382 682 2447 invenise
697 2381 784 2447 dicit.
807 2382 893 2468 apud
905 2380 1071 2447 Thoonem
1086 2382 1215 2469 quidem

263 2619 279 2668 l
304 2610 402 2669 noun
425 2610 478 2683 pls
500 2618 556 2667 sits
575 2610 707 2679 Εὐδόξου
731 2608 869 2678 συντάξας
890 2611 980 2668 seue
1000 2611 1034 2668 dl
1052 2620 1108 2668 sits
1127 2612 1214 2669 Θεαι-

94 2724 101 2740 .
191 2684 275 2754 sitsou
302 2682 522 2755 τεὶιωσάμηος,
550 2680 592 2739 ἔτι
620 2682 652 2740 el
675 2683 711 2739 sd
734 2684 931 2755 μαλακώτερον
954 2683 1052 2740 deesset
1088 2704 1126 2739 su
1149 2693 1215 2749 τοῦς

191 2754 419 2885 ξῖἕωροσθεέεεῖς
441 2751 626 2827 ἀνελέγκτως
648 2755 810 2823 ἀποδείξεις
828 2756 1003 2826 συναγαγών.
1063 2754 1156 2812 soclus
1175 2756 1213 2812 ad

261 2905 279 2955 ἱ
324 2897 501 2984 estquidam
519 2897 613 2954 simile
632 2897 792 2982 ostenditur
804 2898 834 2982 H.
842 2903 874 2953 18
888 2898 997 2969 primae
1012 2899 1214 2955 consonantiae

190 2971 360 3099 ioepgnffi
374 2969 1213 3126 ngmtpiinznpeegaelgpagpgmrptssppggpd§Ictibnftynthtzpolrlsg

314 3132 336 3170 n
358 3115 470 3170 ratione
492 3112 745 3185 superparticulari
762 3130 819 3169 non
837 3114 983 3171 contineri.
1020 3117 1099 3171 certa
1116 3117 1214 3170 autem

192 3258 199 3270 ·
270 3186 458 3243 ematiccrum
479 3184 529 3241 via
546 3184 680 3242 Euclides
703 3186 817 3242 demum
839 3185 893 3241 lioc
914 3185 1080 3258 probavisse
1101 3186 1215 3243 videtur

189 3277 220 3316 m
237 3260 522 3400 'llm‘lsllillqu
544 3328 646 3386 eadem
668 3345 717 3385 sae
738 3328 782 3385 ius
805 3328 928 3400 proferre
951 3346 1008 3385 non
1031 3329 1159 3400 dubitat,
1183 3329 1214 3387 in

189 3401 239 3459 bb.
258 3401 286 3457 V
308 3399 518 3472 Ptolemaeum,
546 3400 577 3456 in
601 3401 640 3456 iv
663 3347 810 3458 Euclidem
838 3401 1010 3474 excerpsisse
1036 3401 1125 3460 vides.
1163 3402 1213 3474 qni

188 3490 254 3531 oum
266 3474 294 3530 11
307 3479 344 3529 20
361 3472 479 3529 easdem
492 3472 659 3544 sententias,
678 3492 750 3545 quas
764 3472 895 3557 Euclides
910 3472 1030 3530 sectioni
1044 3472 1212 3557 praemittit,

295 3562 331 3603 ex
348 3544 537 3617 Nicomacho,
560 3544 593 3601 in
614 3546 628 3600 I
647 3553 664 3601 ³
688 3563 722 3601 ex
747 3548 905 3617 antiquiore
928 3546 1007 3602 fonte
1025 3546 1140 3602 videtur
1160 3564 1212 3603 sua

262 3618 270 3633 ’
330 3619 362 3675 et
377 3616 530 3674 nonnullas
548 3616 633 3672 liuius
648 3616 752 3688 capitis
766 3616 922 3674 sententias
936 3617 1059 3689 sumpsit
1071 3618 1109 3674 ab
1123 3618 1211 3675 Hera-

187 3689 264 3747 clide
281 3689 416 3760 Pontico,
435 3688 471 3745 de
489 3706 545 3761 quo
564 3707 590 3745 v.
609 3688 692 3745 infra.
