2466 3870
432 362 435 367 -
471 322 673 386 'umalama
686 286 755 385 mx
768 334 811 386 rr.
830 335 873 385 rs.
958 296 961 301 ’
1124 322 1187 390 109

173 512 209 556 ra
239 496 287 577 τῷ
317 493 471 579 lboodvp
502 493 524 577 ἡ
556 491 670 571 ἔξοδος
701 489 756 556 καὶ
783 490 805 572 ἡ
832 489 996 568 licaiacus
1023 488 1060 555 ἐν
1087 487 1189 571 ταύτῃ

174 599 364 682 πεποίηται,
387 597 408 681 ἡ
436 596 474 664 δὲ
499 595 708 680 ὑποδωριστὶ
736 591 980 679 μεγαλοπρεπὲς
1000 594 1056 660 καὶ
1079 591 1190 660 στάσι-

174 726 253 787 μον,
290 704 345 771 διὸ
383 703 438 769 καὶ
474 701 772 788 κιθαρῳδικωτάτη
809 699 878 766 ἐστὶ
914 710 982 765 τῶν
1013 699 1191 783 ἁρμονιῶν.

175 819 278 876 ταῦτα
310 809 339 876 δ’
378 812 479 893 ἄμφω
509 815 597 894 χορῷ
627 805 690 892 μὲν
722 807 926 892 ἀνάρμοστα,
957 816 1027 882 τοῖς
1058 802 1094 869 δὲ
1127 806 1190 870 ἀπὸ

150 926 298 1000 ισκηνῆς
316 916 508 998 οἰκειότερα.
545 913 667 979 ἐκεῖνοι
690 911 834 999 μὲνγὰρ
852 913 971 998 ἡρώων
990 909 1135 997 μιμηταὶ,
1159 912 1194 975 οἱ

176 1020 213 1087 δὲ
243 1022 403 1104 ἡγεμόνες
436 1033 504 1086 τῶν
532 1021 681 1107 ἀρχαίων
707 1023 805 1104 μόνοι
834 1015 919 1103 ἦσαν
946 1020 1064 1104 ἥρωες,
1092 1019 1127 1082 ol
1154 1013 1191 1081 δὲ

177 1126 250 1193 λαοὶ
281 1129 474 1211 ἄνθρωποι,
502 1119 550 1192 ὧν
577 1127 670 1192 ἐστιν
698 1125 717 1191 ὁ
747 1128 853 1210 χορός.
898 1125 952 1190 διὸ
978 1123 1032 1189 καὶ
1060 1123 1190 1208 ἁρμόζει

177 1233 265 1319 αὐτῷ
289 1234 327 1298 τὸ
352 1234 470 1317 γοερὸν
492 1230 549 1296 καὶ
571 1227 822 1315 ἡσύχιονιὴθος
844 1229 900 1296 καὶ
922 1230 1031 1314 μέλος·
1059 1228 1190 1313 ἄνθρω-

181 1369 391 1377 ——-——--

179 1424 209 1478 di
229 1426 323 1479 αὐτῶν
341 1424 359 1492 ἡ
378 1425 579 1492 ὑποφρυγιστί,
604 1420 822 1492 {chonomorem}
841 1423 894 1494 γὰρ
913 1423 962 1476 καὶ
980 1420 1108 1495 dungensi.
1147 1421 1190 1474 hic

181 1497 229 1549 tuo
248 1499 280 1548 tu
299 1495 360 1549 iure
378 1510 506 1563 quaeres,
525 1494 549 1548 si
568 1494 604 1549 de
624 1494 821 1565 hypophrygio
840 1493 977 1564 diapason
995 1496 1079 1546 antea
1098 1491 1192 1562 dispu-

181 1570 273 1621 tatum
301 1568 366 1620 erat
392 1563 506 1634 iamque
529 1568 645 1620 ventum
669 1568 713 1620 est
735 1565 773 1619 ad
794 1563 847 1620 reli
867 1581 918 1618 uas
941 1567 971 1619 et
993 1563 1085 1617 choris
1103 1566 1194 1633 aptas,

181 1653 230 1719 cur
247 1635 351 1705 oratio,
368 1635 671 1718 priusquamuaccedat
690 1635 728 1690 ed
745 1583 930 1704 mixolydium
945 1635 1082 1704 diapason
1096 1635 1194 1716 horum

181 1706 611 1847 lllfflmlatttttlll
631 1711 724 1832 {tlt
742 1706 1194 1857 millussriatlhluil

181 1848 406 1931 hypophrygium
434 1849 610 1903 harmoniam
637 1867 711 1902 nunc
734 1848 791 1902 dici
813 1847 977 1902 bacchicam
999 1850 1029 1901 et
1051 1849 1193 1901 furiosam.

181 1919 347 1974 Aristoteles
366 1919 480 1987 quitiam
499 1919 528 1973 in
548 1936 576 1973 re
598 1918 693 1974 ublica
702 1919 768 1973 VIII
779 1923 909 1988 7,4(sup.
942 1924 1003 1983 .31)
1022 1918 1077 1970 tria
1091 1935 1193 1987 genera

181 1991 391 2045 harmoniarum
419 1991 521 2043 dividit
547 1994 576 2045 et
599 1991 671 2044 'cum
695 1990 851 2061 practicum
873 1938 1118 2057 enthusiastieum,
1147 2005 1193 2042 ne-

181 2079 234 2130 que
266 2061 342 2115 idem
374 2061 416 2114 ait
444 2078 504 2115 esse
532 2078 621 2132 genus
649 2061 765 2114 fortium
791 2061 935 2116 hominum
963 2064 992 2115 et
1018 2060 1192 2115 furiosorum.

182 2133 255 2186 idom
284 2136 316 2186 ut
344 2132 526 2201 orgiasticam
554 2137 583 2186 et
608 2133 782 2202 patheticam
805 2132 1001 2201 bacchicisque
1024 2131 1193 2185 carminibus

182 2221 198 2257 a
219 2204 358 2258 tissimum
371 2203 572 2273 praedicatvel
585 2203 678 2273 potius
689 2204 813 2273 castigat
825 2205 1005 2275 phrygiam
1019 2202 1194 2257 harmoniam

182 2223 228 2346 (ib.
248 2282 263 2341 ξ
283 2280 312 2342 8,
332 2293 359 2343 p.
379 2280 432 2342 33).
469 2280 545 2329 recte
567 2274 655 2345 igitur
678 2275 746 2330 fecit
768 2274 880 2330 Boeclrh
904 2275 938 2329 dc
956 2274 1052 2328 metris
1071 2272 1194 2340 Pindari,

182 2346 211 2400 in
229 2346 378 2399 editionel
395 2365 421 2416 p.
432 2352 494 2413 24⁶2,
505 2351 529 2415 9,
549 2346 624 2415 quod
639 2350 746 2400 remoto
760 2346 811 2401 illo
825 2348 881 2401 ὑπο
895 2345 1044 2400 substituit
1056 2344 1193 2413 φρυγιστί.

183 2416 239 2471 iam
262 2418 332 2471 haec
357 2416 496 2471 dicentem
519 2417 599 2471 rides
618 2416 801 2486 problematis
820 2420 975 2471 auctorem:
1000 2414 1193 2485 hypophrygio

183 2493 211 2542 et
233 2487 392 2558 hypodoria
415 2488 563 2542 harmonia
585 2488 730 2557 agentium
754 2491 832 2556 sunt,
860 2505 915 2541 non
939 2487 1126 2557 spectantium
1149 2485 1193 2538 rel

183 2559 424 2628 conquerentium,
444 2557 488 2613 his
507 2559 632 2628 reliquae
652 2559 790 2628 diapason
804 2558 910 2629 species
925 2557 1056 2628 aptiores,
1076 2560 1105 2612 et
1118 2556 1194 2610 haud

183 2631 224 2683 ita
251 2633 349 2712 aptum
377 2633 421 2684 ost
448 2631 599 2700 phrygium
627 2630 765 2711 diapasop
788 2629 919 2684 Bacchiei
947 2629 1047 2711 furoris
1073 2629 1193 2710 plenpm,

184 2717 277 2826 stol
296 2701 1194 2840 lttlttlt¹¹30tt„ltllhtlthhtltlcumputat

183 2847 211 2897 et
238 2842 443 2897 lacrimandum
471 2844 628 2913 aptissima.
677 2844 717 2897 sie
744 2845 800 2896 tria
829 2842 879 2896 illa
904 2790 1064 2896 Aristotelis
1093 2859 1193 2910 genem

184 2914 288 2967 morale
327 2913 402 2985 agile
434 2915 606 2968 concitat-um
640 2913 669 2967 in
702 2914 876 2984 problemate
908 2915 1035 2968 videmus
1067 2913 1194 2995 repetita.

185 2984 344 3039 llarmoniis
369 2984 490 3055 singulis
514 2986 562 3053 qui
586 2985 672 3039 fuerit
695 2986 762 3039 ordo
782 2988 911 3041 tonorum
930 2990 959 3040 ct
977 2985 1195 3051 semitomorum,

186 3056 214 3108 in
233 3055 375 3110 cleonidis
394 3056 514 3126 isagoga
532 3074 593 3137 cap.
610 3064 625 3109 9
646 3060 776 3110 accurata
795 3057 882 3111 habes
902 3056 1072 3121 exrositum3
1093 3056 1141 3109 sod
1160 3056 1197 3109 ad

186 3130 316 3180 naturam
344 3126 457 3181 illarum
486 3128 712 3182 constatuendam
741 3127 826 3182 timeo
853 3145 889 3182 nc
916 3145 998 3199 pura
1022 3127 1197 3194 accesserint,

186 3198 325 3252 melodiae
343 3197 450 3252 formae
469 3200 609 3267 quaedam
629 3203 658 3253 et
676 3202 770 3253 certae
789 3199 937 3268 versiones,
957 3217 1027 3268 quas
1046 3215 1096 3252 nos
1114 3198 1198 3268 plane

186 3269 353 3340 ignoremus.
403 3270 628 3340 hypophrygium
663 3271 839 3325 harmoniam
871 3272 988 3325 candem
1021 3287 1081 3324 esse
1114 3274 1198 3337 atque

187 3340 335 3394 ionicam
354 3340 486 3396 sidcnmt
505 3342 618 3395 Boeekh
638 3346 728 3395 metra
747 3342 826 3397 Pind.
845 3362 871 3413 p.
887 3348 938 3396 227
958 3344 987 3397 et
1005 3341 1079 3395 Frid.
1095 3340 1196 3394 Beller-

187 3429 271 3464 mann
299 3411 471 3477 (lonleitem
500 3431 524 3466 u.
550 3412 731 3466 hlusilmoten
759 3413 808 3467 dor
831 3414 966 3469 Grieehen
991 3411 1097 3494 [Berlin
1118 3413 1198 3483 1847]

187 3501 213 3562 p.
236 3486 291 3551 10),
316 3500 368 3537 nec
393 3482 451 3537 alia
474 3483 534 3536 eius
558 3501 618 3537 csse
637 3487 732 3553 potest
748 3485 804 3538 nisi
826 3488 905 3538 serta
923 3501 1029 3554 specics
1049 3483 1198 3538 (leonidis.

188 3558 283 3622 itaque
308 3554 344 3607 ad
368 3555 595 3626 hypophrygium
614 3572 701 3623 genus
721 3556 823 3610 referre
842 3556 920 3623 licet,
945 3572 1017 3624 quac
1035 3554 1198 3609 Heraclides

189 3624 282 3693 prodit
305 3626 381 3695 apud
404 3627 581 3680 Athenaeum
600 3626 664 3679 XlV
684 3631 717 3680 20
741 3627 772 3680 τὸ
796 3635 844 3695 τῆς
859 3626 942 3680 'luorl
964 3625 1045 3696 γένος
1063 3624 1199 3696 ἁρμονίας

189 3694 247 3749 οὔτ’
273 3696 404 3765 ἀνθηρὸν
428 3698 491 3752 οὔτε
516 3696 613 3767 ἱλαρόν
637 3693 725 3765 ἐστιν,
749 3697 819 3752 ἀλλὰ
842 3698 980 3767 αὐστηρὸν
1003 3698 1050 3751 aul
1070 3695 1199 3767 σκληρόν,
