2466 3870
748 114 960 185 prolegomena.

339 298 413 341 mus
445 278 605 344 terminus
639 285 733 345 tanta
765 303 825 345 sua
854 284 947 365 parte
976 279 1040 367 (73,
1071 302 1147 344 narn
1179 276 1215 365 Ἃ

340 384 429 448 8-
453 384 476 451 6
500 414 542 441 ··
566 385 604 473 2)
636 386 775 453 inferior
804 386 850 451 sil
880 386 1003 469 modio,
1035 390 1158 471 quanta
1194 416 1218 441 2·

341 488 391 577 (¹l,
404 492 534 559 numeri
550 492 608 583 12)
625 494 789 560 maximus
803 494 937 577 saporat
950 489 1093 557 modium
1106 488 1193 578 (Nic.
1217 523 1222 550 ι

341 594 543 667 lamblichus
565 604 676 667 autom
699 601 736 665 in
753 602 825 664 arta
843 596 1050 664 arithmetica
1067 620 1098 683 p.
1115 598 1175 664 141
1197 620 1232 663 m

341 706 452 791 prodit
474 708 607 772 tertiam
630 706 817 793 analogiam
839 704 919 771 olim
937 705 1195 771 subcontrarium

341 812 411 901 alo)
438 812 638 899 appellatam
661 812 829 897 Archytae
853 817 889 880 ct
910 812 1050 897 Hippasi
1073 811 1224 897 discipul·

342 942 435 987 nasso
468 920 701 985 harmonicam.
747 920 833 987 idom
862 918 1062 987 lamblichus
1092 942 1124 1005 p,
1148 922 1212 987 159

344 1026 423 1093 dicit
444 1030 597 1113 quartam
620 1026 770 1113 quintam
792 1026 939 1093 scxtam²
956 1026 1123 1114 analogias
1140 1047 1227 1092 mvn

343 1132 384 1199 ab
420 1130 571 1219 Archyta
606 1140 641 1200 ot
676 1133 835 1221 ffippaso,
872 1156 970 1221 qucm
1002 1155 1069 1199 non
1100 1132 1231 1200 dabitat

344 1240 506 1327 appsllars
533 1240 812 1309 mathematicum.
837 1266 925 1329 .qna
951 1243 987 1308 in
1008 1264 1043 1308 rs
1064 1242 1093 1307 si
1116 1242 1194 1327 quid

344 1348 431 1415 ultra
461 1349 635 1417 scritatcm
668 1355 816 1438 auctam,
839 1388 883 1399 -
907 1350 978 1436 ipsa
1004 1350 1091 1415 enim
1118 1347 1207 1415 Arcb

344 1456 512 1547 analogias
539 1478 609 1525 csso
636 1458 734 1525 (locst
759 1458 848 1545 apud
869 1456 1153 1543 Pac-Porphyrium
1175 1478 1207 1543 p.
1232 1468 1233 1474 ’

344 1568 454 1631 tamm
484 1570 623 1651 apparat
652 1564 839 1652 Hippasum
871 1565 973 1631 fuisso
1004 1565 1110 1631 virum
1142 1561 1227 1630 doc'

344 1692 404 1739 noc
430 1671 592 1759 moribus,
624 1672 683 1739 scd
708 1672 831 1739 littaris
857 1694 933 1739 cum
956 1695 995 1738 ac
1016 1670 1192 1756 discipulos
1213 1692 1230 1737 s

345 1781 379 1844 ct
402 1780 558 1845 numeris
603 1778 730 1846 accolit
756 1780 845 1867 quod
870 1782 906 1846 in
928 1781 1011 1846 mari
1034 1780 1150 1874 periise
1181 1809 1205 1835 ιι

345 1886 422 1973 qaia
453 1886 619 1973 quomodo
651 1908 670 1954 ο
701 1887 861 1955 duodenis
889 1885 1102 1977 pentagonis*
1128 1885 1222 1975 glob

346 1992 381 2059 in
401 1992 572 2079 publicum
595 1995 801 2081 prodidisset.
838 2002 872 2062 ct
894 1997 934 2063 do
958 2000 1027 2062 arta
1049 1995 1172 2062 musica
1194 2014 1226 2059 c·

346 2105 439 2188 tasso,
461 2102 490 2167 si
513 2124 582 2169 non
603 2125 621 2169 c
645 2103 742 2170 discis
765 2104 832 2169 illis
851 2109 885 2170 ot
903 2126 942 2170 cx
961 2103 1149 2169 harmonica
1165 2124 1233 2167 ιιιυ

346 2210 480 2297 ratione,
503 2211 636 2277 atinde
660 2211 774 2297 clucet,
798 2211 887 2297 quod
907 2208 1119 2277 Eubulidcm⁸
1141 2215 1175 2274 et
1203 2214 1213 2266 l

347 2316 470 2383 sollorti
493 2319 778 2405 argumentatione
801 2318 1069 2404 symphoniarum
1088 2338 1210 2382 novum

348 2425 555 2491 constituisse
581 2424 717 2492 Boetius
749 2425 847 2492 nobis
880 2425 994 2511 tradit,
1025 2424 1064 2490 dc
1095 2447 1176 2491 mus.
1198 2420 1232 2489 II

347 2533 411 2598 iam
433 2531 565 2618 qualem
588 2532 676 2599 hunc
698 2533 865 2599 hominem
888 2532 1099 2618 putabimus?
1144 2554 1194 2597 ac·
1208 2562 1233 2588 ·‹

347 2638 503 2726 dicamus,
529 2640 587 2726 qui
609 2639 761 2706 formalis
783 2640 991 2728 Pythagorae
1014 2640 1227 2725 praecipien·'

348 2747 468 2813 civium
496 2746 739 2814 amandaverit?
790 2770 833 2813 an
859 2749 966 2813 viram
995 2746 1139 2831 doctum,
1168 2747 1223 2831 ph'

347 2859 381 2919 ct
420 2853 541 2919 litteris
581 2855 769 2921 imbutum?
828 2851 1060 2940 philosophum
1097 2876 1170 2919 eum
1207 2854 1224 2919 f
1229 2882 1233 2911 ι

420 3020 435 3068 1
455 3012 516 3069 Has
534 3011 685 3085 analogias
704 3012 786 3069 rides
806 3012 884 3084 apud
902 3011 1107 3068 Nicomachum
1127 3029 1165 3069 ar.
1185 3012 1212 3067 11
1231 3026 1233 3030 ⁴

348 3084 493 3142 Thoonem
511 3102 583 3141 mas.
602 3101 627 3140 c.
643 3089 759 3154 58-6o‚
779 3085 857 3157 apud
875 3085 1008 3141 Boctium
1026 3102 1065 3140 ar.
1086 3085 1112 3139 11
1126 3091 1169 3141 ol.

419 3156 640 3240 ll’cntagouis⁸
659 3173 676 3213 c
695 3157 799 3229 quibus
818 3174 920 3229 corpus
938 3158 972 3213 fit
990 3157 1174 3226 icosasdrum,
1194 3173 1233 3212 rc=

349 3227 523 3287 lamblichus
546 3246 578 3285 ιιι
600 3228 663 3285 vita
686 3228 769 3300 Pyth.
791 3234 838 3299 18,
862 3236 877 3297 ξ
896 3234 939 3286 88.
977 3232 1077 3283 contra
1099 3227 1130 3283 in
1153 3228 1213 3284 cius

348 3300 555 3359 mathematica
572 3306 607 3357 Εὐ
627 3304 664 3373 (p.
680 3308 734 3357 216
753 3301 832 3371 Vill.)
850 3317 982 3372 perverso
1001 3300 1106 3371 legitur
1123 3301 1187 3356 hcx
1202 3325 1228 3366 :⁸

420 3378 438 3428 8
461 3372 504 3430 Dc
526 3373 582 3430 hoc
604 3373 748 3430 Eubulida
770 3373 844 3428 nihil
868 3373 1041 3464 accepimus,
1065 3372 1121 3427 nisi
1144 3389 1212 3443 quo

349 3443 509 3517 logumcnis
538 3462 579 3503 ar.
601 3465 629 3519 p.
649 3451 686 3501 40
709 3444 893 3514 Androcsdes
921 3443 1077 3500 Eubulidas
1100 3445 1230 3499 Aristcxc

347 3515 474 3574 ducenos
494 3516 582 3575 dcnor
601 3534 685 3575 scam
704 3534 795 3573 annos
816 3516 917 3572 dicunt
935 3516 1063 3573 homines
1082 3514 1213 3572 revirisc
