2466 3870
99 85 187 161 XX·
309 184 311 186 ³
391 107 433 166 De
451 73 595 162 codicibus
614 87 821 171 manuscriptis.

61 285 84 324 1¹·
100 275 309 333 auctoritatem
338 275 424 333 omisi
451 277 540 347 atque
569 270 607 328 ad
633 269 872 344 apographorum
896 272 1006 329 certius
1028 272 1111 330 testi·

61 357 233 422 ²)moniu1n
257 363 384 437 confugi.

187 449 287 507 Variis
316 452 415 505 autem
443 445 592 502 aetatibus
615 443 650 500 de
674 442 825 500 Marciano
850 444 922 501 haec
946 446 1027 503 facta
1049 466 1111 504 esse

99 539 172 596 mihi
197 537 336 611 persuasi.

61 628 86 669 [².
167 625 283 681 Primus
312 620 430 694 quidem
458 618 596 677 librarius
624 619 802 693 paucissima
830 619 892 693 ipse
916 614 1112 676 emendavit.¹

100 730 146 769 res
179 713 278 766 tamen
311 726 377 765 cum
409 707 577 766 admisisset
604 707 641 765 ab
670 711 823 767 auctorum
852 707 971 785 ingenio
1000 708 1112 764 alienas

101 791 150 877 (ut
172 817 199 870 p.
224 799 293 854 177.
321 789 411 877 190),
446 800 561 872 partem
596 797 702 856 harum
732 798 809 856 alius
838 800 943 873 postea
973 796 1112 855 librarius

100 885 254 959 expunxit,
282 885 375 943 veluti
404 886 547 945 scholium
575 886 649 944 illud
677 887 715 944 ad
744 887 896 945 Euclidem
928 888 1032 959 155,1
1063 885 1112 943 ad·

100 973 250 1048 scriptum.
291 994 344 1051 pro
375 975 476 1053 figuris
506 978 606 1033 autem
635 974 784 1033 veteribus
813 976 844 1032 iu
874 976 939 1050 ipso
970 974 1111 1032 Marciani

100 1063 261 1138 archetypo
285 1063 409 1138 pessime
433 1055 539 1138 pictis²
561 1082 597 1120 ex
620 1062 679 1120 alio
698 1065 772 1137 puto
792 1055 910 1121 codice³
928 1062 1006 1120 alter
1024 1062 1113 1120 libra·

101 1151 161 1208 rius
184 1152 293 1228 petivit
315 1169 373 1223 eas,
397 1170 472 1225 quae
496 1150 626 1225 pallidae
650 1169 727 1208 nunc
750 1155 781 1208 et
799 1151 893 1209 flavae
914 1151 944 1207 in
963 1151 994 1207 M
1013 1151 1112 1207 viden·

101 1232 172 1297 tur.⁴
203 1244 234 1297 et
252 1240 402 1311 lemmata,
421 1256 496 1313 quae
516 1238 711 1312 pallidissimo
729 1239 826 1297 colore
842 1239 953 1313 scripta
968 1242 1114 1314 apparent

101 1328 139 1385 ad
171 1328 314 1404 isagogen
348 1327 423 1399 186,
456 1326 600 1385 scholium
632 1326 723 1384 etiam
756 1327 835 1402 quod
868 1347 895 1402 p.
919 1329 978 1386 197
1011 1327 1113 1385 notavi

101 1415 204 1472 eadem
229 1414 355 1472 fortasse
379 1433 469 1472 manu
492 1414 595 1473 addita
619 1419 694 1474 sunt
742 1415 819 1473 alius
842 1419 943 1473 autern
967 1415 1114 1486 librariae,

102 1503 184 1561 cuius
212 1505 412 1561 atramentum
439 1503 609 1562 etiamnunc
638 1503 768 1562 cernitur
795 1495 940 1579 nigrum⁵,
977 1506 1115 1561 accentus

102 1591 238 1649 vocabuli
256 1590 377 1649 ὑπάτων
396 1592 525 1649 mutavit
543 1591 573 1648 iu
592 1589 720 1650 ὑπατῶν.
753 1592 859 1648 miram
879 1591 958 1648 enim
977 1593 1114 1648 tonorum

102 1681 278 1737 varietatem
307 1697 381 1753 quae
409 1679 440 1735 in
463 1678 531 1735 Vat
561 1678 722 1755 legentium
750 1678 851 1737 oculos
879 1679 1015 1752 offendit,
1046 1679 1113 1736 inde

102 1770 204 1825 natam
237 1784 298 1824 esse
331 1766 439 1840 elucet,
472 1766 551 1841 quod
583 1767 695 1824 otiosus
727 1767 783 1825 iste
815 1768 960 1826 Marciani
993 1771 1115 1826 vexator

102 1857 288 1931 paroxytona
315 1855 444 1912 mutavit
471 1855 501 1912 in
530 1849 762 1930 55115551115115.6
807 1857 886 1931 quod
915 1860 1015 1914 antem
1040 1857 1114 1913 nihil

103 1944 223 2022 gravim
255 1944 302 2001 hic
335 1944 468 2017 intrusit,
503 1947 572 2001 ante
605 1943 744 2002 Vaticani
777 1945 942 2021 apographi
980 1948 1115 2020 tempora

103 2033 201 2090 varias
229 2035 426 2089 correctorum
451 2050 556 2090 manus
579 2033 749 2108 dignoscere
773 2052 832 2090 non
856 2033 1001 2108 oportuit,
1030 2034 1115 2090 satis-

104 2141 160 2196 que
183 2120 272 2177 habui
296 2124 399 2177 notare
423 2112 474 2176 ΜΞ,

176 2261 189 2307 1
209 2254 270 2307 Huc
289 2270 387 2307 revoco
407 2253 507 2321 illudo
527 2253 556 2306 in
575 2254 695 2322 χρώματι
713 2259 771 2321 180,
789 2271 822 2320 18,
841 2254 875 2307 τὰ
893 2259 951 2321 199,
962 2272 982 2321 9,
1001 2256 1114 2322 drepani·

104 2343 177 2386 στιος
191 2329 251 2393 203,
262 2341 282 2391 5,
302 2328 396 2393 palen.
412 2330 472 2391 205,
483 2341 503 2378 a.
531 2325 657 2379 revocari
676 2325 729 2378 huc
748 2326 843 2394 potest
857 2328 886 2378 et
900 2325 994 2379 πάντα
1010 2330 1113 2393 181,15.

104 2395 196 2450 simile
215 2395 323 2465 aliquid
343 2395 444 2449 statuit
462 2395 614 2464 Marquard
633 2396 705 2449 Xlll.

175 2472 191 2518 2
214 2466 275 2520 Hoc
298 2466 363 2519 inde
386 2465 534 2535 concludo,
558 2466 634 2535 quod
653 2466 860 2547 diagrammata
880 2467 916 2520 ab
935 2466 1018 2521 initio
1037 2468 1115 2537 picta

105 2539 137 2590 ut
158 2537 238 2591 rides
261 2554 289 2605 p.
306 2543 355 2589 151
379 2540 408 2590 et
432 2542 517 2603 153,5
540 2541 640 2606 postea
664 2537 794 2590 abierunt
817 2537 847 2590 in
871 2542 896 2602 ιβ
916 2557 950 2602 ιγ,
988 2539 1064 2606 quod
1083 2539 1112 2591 iu

105 2607 166 2678 ipso
185 2607 214 2660 M
233 2607 339 2660 factum
358 2607 436 2660 vides
457 2613 515 2674 152,
527 2624 551 2674 ⁷3
570 2607 625 2661 fuit
643 2611 672 2661 et
691 2613 781 2674 152,1,

177 2683 193 2731 3
212 2677 284 2732 Nam
303 2677 352 2746 qui
371 2694 420 2731 suo
439 2677 552 2747 ingenio
571 2678 779 2748 diagrammata
800 2679 937 2746 restituit,
957 2681 982 2733 is
1002 2697 1113 2743 accura-

105 2749 162 2804 tius
181 2748 318 2803 linearum
337 2748 526 2818 longitudines
546 2765 673 2803 emensus
693 2749 826 2804 delineat.

177 2825 194 2872 4
212 2819 284 2873 Vide
302 2839 329 2888 p.
350 2824 400 2872 150
419 2819 453 2873 de
472 2819 697 2889 diagrammatis:
717 2837 821 2887 „novas
842 2821 993 2890 adscripsit
1012 2823 1115 2891 figuras

106 2891 148 2944 M*
166 2894 240 2960 mg.“
260 2893 289 2943 et
306 2908 333 2957 q.
353 2907 410 2958 seq.

178 2967 193 3013 5
211 2960 264 3014 Hic
287 2977 320 3014 ex
343 2961 374 3013 τὸ
399 2966 458 3028 165,
474 2977 498 3015 io
522 2960 622 3014 secisse
640 2960 752 3033 ridetur
770 2967 814 3032 τῷ.
844 2961 879 3015 ci.
901 2968 1004 3029 187,15.
1026 2967 1084 3029 192,
1095 2978 1116 3017 o.

107 3037 212 3086 20511.

161 3075 195 3155 ’o
213 3101 339 3155 Aliorum
357 3102 445 3155 etiam
463 3101 664 3156 vocabulorum
682 3102 743 3156 toni
762 3104 892 3172 (λίχανος,
912 3102 979 3173 ἔστι)
998 3104 1116 3159 fortasse

127 3172 200 3227 risca
217 3172 269 3225 illa
288 3175 381 3226 aetate
400 3173 502 3226 mutati
520 3177 593 3227 sunt.
632 3173 706 3241 quod
729 3175 824 3227 autem
843 3174 877 3228 de
896 3174 950 3228 hac
969 3191 998 3229 re
1016 3176 1116 3230 misere

106 3191 217 3297 librarii
231 3243 386 3311 certabant,
405 3243 505 3298 tertius
524 3247 631 3298 veteres
651 3247 783 3298 accentus
802 3244 972 3299 restituebat
986 3246 1115 3300 multum-

108 3331 162 3383 que
181 3313 319 3369 eiusmodi
338 3313 423 3368 etiam
446 3317 512 3383 post
524 3314 665 3385 margines
680 3319 830 3385 occupatos
845 3317 1023 3385 peccabatur,
1042 3336 1116 3371 nunc

108 3385 157 3454 qui
175 3386 260 3439 fuerit
278 3384 382 3455 primus
398 3388 427 3439 et
440 3402 521 3439 verus
536 3389 667 3441 accentus
682 3403 745 3440 raro
760 3386 906 3456 explanari
920 3389 1020 3457 potest.
1050 3388 1114 3443 Vnt.

108 3455 221 3525 quidem
240 3456 351 3525 λιχανός
370 3456 467 3510 scribit
486 3461 514 3510 ct
533 3452 614 3512 ἐστίν.
