2466 3870
99 76 165 182 42.-
276 83 279 87 ¹
453 66 746 183 'mre-Aristeus
1026 72 1029 79 Ι
1074 68 1081 77 Ι

100 281 152 344 sin
178 276 268 365 (XV)
296 279 328 340 et
354 264 480 338 enimse
505 275 656 337 nntnrsm
683 270 744 360 (-
760 272 871 362 XVII)
899 279 1043 365 transiit,
1075 278 1116 345 de

101 383 278 471 philologia
300 376 440 465 (XVIII)
469 381 503 442 et
525 377 694 443 hermonis
716 378 897 462 disputavit
917 382 1040 473 (XIX),
1067 406 1117 451 re-

101 510 212 554 versus
253 482 366 549 deinde
406 482 447 547 ed
485 505 593 548 rerum
628 487 778 549 naturum
815 484 855 551 de
889 486 1010 570 plantis
1047 491 1117 577 egit

101 591 161 680 <-
178 588 300 677 nn,
334 589 373 654 ‹10
404 610 488 675 aqua
516 587 576 678 <-
593 588 718 677 mv)
745 594 779 656 e
804 596 878 657 ero
904 589 964 679 (-
979 592 1117 681 xxvr),

101 696 248 763 adiunxit
276 695 479 781 problemata
505 696 544 762 de
570 696 777 783 philosophie
803 695 1116 787 (XXVII-xxx),

102 804 199 868 linem
221 801 298 868 fecit
321 802 360 869 de
380 804 529 890 pertibus
553 805 699 891 corporis
722 804 865 871 bornuni.

169 908 231 975 Sed
253 914 380 994 prester
401 912 506 979 moins
529 912 610 978 illud
632 913 860 997 quaestionum
878 932 1004 997 corpus,
1026 909 1117 997 quod

103 1015 202 1081 edidit
228 1016 367 1105 Belrlrer,
395 1020 525 1085 exsistit
550 1019 658 1085 minus
684 1018 860 1105 quoddam
886 1018 922 1084 in
947 1016 1118 1103 publicum

102 1123 266 1207 proditum
288 1146 372 1190 enno
397 1124 493 1189 1857.
538 1144 620 1207 queo
642 1122 844 1206 problemata
866 1144 1063 1209 quemquem
1081 1123 1118 1189 in

104 1229 268 1296 codicibus
290 1228 455 1295 nonnullis
478 1230 670 1293 revomntnr
692 1226 733 1291 ed
750 1227 971 1293 Alexandrum
987 1227 1119 1313 Aphro·

104 1337 281 1422 disiensem,
304 1334 511 1402 consentiunt
532 1337 642 1399 temen
659 1332 721 1397 riri
744 1332 832 1399 docti
850 1333 907 1419 qui
924 1354 1057 1417 opernm
1074 1335 1118 1401 iis

102 1445 265 1519 neverunt,
283 1437 516 1507 Bussemnlror¹
542 1441 575 1505 et
596 1436 735 1524 Usener,
762 1458 836 1505 oum
863 1438 976 1505 dicunt
999 1460 1021 1505 s
1042 1461 1120 1525 pru-

104 1548 290 1615 dentissimo
318 1547 375 1612 illo
397 1544 585 1611 Aristotelis
610 1544 787 1629 interprete
807 1544 888 1611 hoec
909 1566 981 1613 esse
1001 1545 1118 1613 eliens.

103 1676 142 1720 ec
157 1654 310 1742 legrmtur
323 1653 358 1718 in
370 1650 387 1718 1
400 1652 550 1736 sectione,
569 1672 651 1736 quse
663 1650 854 1717 inscribitur
866 1652 965 1717 etism
977 1650 1120 1721 Alexan-

104 1761 153 1826 dri
183 1760 266 1825 liber
288 1757 350 1845 111,
380 1758 485 1825 mults
516 1758 556 1823 de
582 1761 651 1823 erte
677 1758 801 1825 medice
826 1758 924 1844 paolo
951 1759 1119 1844 copiosius

103 1867 232 1953 scripte,
255 1866 454 1931 brevissimis
477 1864 584 1930 verbis
605 1863 719 1929 deinde
737 1862 790 1952 (ut
807 1864 942 1931 Richter
959 1869 1120 1954 agnoscet

104 1977 321 2058 excerptorem
347 1971 393 2060 D)
426 1971 464 2037 de
496 1970 658 2036 similibus
690 1970 787 2036 rebus
815 1972 981 2056 quaeritur
1009 1976 1043 2037 et
1070 1994 1120 2038 rs-

103 2081 279 2164 spondetur
309 2080 343 2144 in
370 2079 511 2143 sectione
538 2075 570 2141 II
599 2075 658 2163 (=
676 2075 766 2141 Alex.
786 2075 848 2164 IV)
879 2079 1006 2145 1-38.
1056 2079 1118 2144 hes

103 2192 211 2253 sutem
238 2186 316 2250 dues
343 2186 500 2249 sectiones
528 2185 569 2249 eb
598 2183 777 2248 editoribus
800 2205 867 2248 non
888 2184 998 2270 megni
1021 2187 1119 2250 nesti·

103 2297 207 2359 metes
226 2296 403 2377 sequuntur
421 2295 528 2376 partes
547 2291 650 2355 multo
665 2289 823 2374 meliores,
841 2289 945 2374 probl
959 2292 1117 2359 39-126

103 2399 178 2484 περὶ
201 2399 449 2485 συμπτωμάτων
471 2402 504 2462 et
529 2397 703 2462 127-192
727 2395 802 2480 περὶ
824 2398 1045 2483 τετραπόδων.
1082 2399 1119 2463 in

103 2506 155 2570 his
178 2506 386 2590 problematis
413 2505 515 2569 multe
540 2505 621 2568 bene
643 2506 720 2567 sunt
743 2503 851 2568 solute
873 2506 906 2567 et
927 2501 1119 2587 Peripateti·

104 2634 214 2678 corum
238 2611 405 2696 disciplina
427 2611 513 2675 houd
535 2610 684 2675 ridentur
707 2609 852 2697 indigne,
880 2630 1018 2693 quorum
1040 2632 1118 2694 pers

104 2741 122 2784 e
153 2722 259 2784 vetere
294 2740 474 2806 magnaque
505 2717 631 2803 sylloge
663 2718 817 2802 iteretur,
853 2737 928 2800 pers
960 2737 978 2780 e
1010 2714 1117 2783 (issae

104 2826 326 2891 tantummodo
362 2824 413 2890 rel
440 2823 570 2889 Vallee²
602 2825 749 2888 versione
784 2823 886 2888 latine
920 2826 1014 2887 entes
1047 2829 1119 2888 erut

105 2933 242 3020 cognita.
288 2936 320 2996 et
343 2932 377 2996 in
399 2932 540 2996 sectione
563 2931 627 3015 ille,
651 2952 733 3015 quae
756 2929 794 2994 de
817 2929 1046 3014 symptometis
1070 2930 1119 2995 in·

178 3132 191 3178 1
215 3123 401 3179 Bussemeker
423 3123 454 3178 in
471 3121 631 3177 Aristotelis
655 3121 787 3192 operibus
810 3121 853 3176 ed.
877 3120 972 3175 Didot.
995 3120 1117 3176 Parisiis

104 3196 143 3250 IV
157 3201 217 3252 291,
237 3195 270 3249 ci.
311 3193 429 3250 .xvm.
449 3226 482 3235 -
501 3194 536 3249 cf.
556 3194 662 3248 Usener
679 3194 784 3262 (annot.
805 3197 831 3260 3)
872 3190 932 3248 ,IX
949 3194 979 3247 et
995 3191 1057 3248 m

176 3213 371 3322 tTheodorus
389 3265 467 3321 Gens
485 3263 742 3320 Thessalonicensis
761 3264 838 3318 iussu
879 3261 1004 3318 icoleil⁷
1042 3280 1117 3346 epse

104 3337 197 3393 medio
215 3337 274 3392 iere
291 3336 429 3391 ccccliv
467 3335 654 3391 roblemetum
668 3333 822 3389 Alexandri
838 3332 926 3389 libros
940 3332 1011 3388 duos
1055 3338 1116 3391 tme

104 3408 163 3463 inte
196 3410 303 3463 retatus
322 3408 366 3462 est
379 3407 437 3478 (Ue.
504 3414 523 3476 ).
546 3405 620 3462 Gor
641 3406 682 3460 'us
696 3404 782 3460 Valle
796 3403 978 3460 Placentinus
990 3404 1118 3476 plurime

104 3479 174 3551 prob
186 3483 279 3536 emate
297 3478 386 3534 latine
403 3496 486 3535 verse
504 3477 595 3533 edidit
612 3425 739 3533 illustris
759 3481 828 3540 1498
847 3475 907 3547 (Us.
925 3475 984 3547 VI).
