2466 3870
565 327 569 330 ·
609 299 762 366 mietio.
1018 370 1021 375 b
1057 329 1063 336 ·
1142 297 1195 355 VII

178 458 326 545 plagulas
349 461 435 544 typis
459 463 629 548 impressas
643 445 760 546 'legere
782 458 892 525 mallet
910 449 1006 546 quani
1025 445 1105 549 quae
1125 482 1194 528 cur⁴

179 570 269 630 rente
296 585 401 649 penna
428 588 649 652 conceperam,
682 565 874 649 respondere
901 571 1123 653 cunctabatur,
1156 571 1192 633 ut

179 671 220 734 ad
242 670 306 735 alia
327 675 435 739 studia
458 695 509 738 me
532 673 753 738 converterim.
800 672 886 736 edita
908 677 957 736 est
979 672 1117 740 Theonis
1141 698 1192 741 ex-

179 777 296 861 positio
328 780 411 845 1878
440 799 497 862 per
524 777 699 862 Hillerum,
727 781 761 844 in
782 779 917 864 lpublico
945 781 1094 863 apparuit
1121 780 1193 844 Ari·

179 885 270 949 stidis
295 908 348 949 ars
373 885 459 949 1882
482 890 613 949 auctore
636 884 674 949 A.
697 885 827 969 Jahnio,
852 924 893 934 —
917 883 1105 951 Nicomachi
1128 885 1192 949 Eu-

180 991 333 1073 clidisquc
366 991 527 1055 doctrinas
555 992 692 1055 musicas
719 1012 814 1055 nemo
842 993 1040 1077 recognovit,
1072 994 1109 1056 ut
1136 991 1190 1075 qui

180 1095 236 1159 has
258 1096 433 1179 particulas
456 1119 560 1162 emere
584 1097 744 1178 volebant,
768 1103 921 1182 tanquam
945 1096 1087 1180 Sibyllae
1106 1103 1192 1181 pete

181 1205 250 1265 rent
271 1202 381 1286 libros,
405 1206 553 1269 universo
574 1205 727 1268 solvendo
747 1206 851 1288 pretio
871 1205 1002 1290 exiguas
1021 1204 1083 1267 sibi
1102 1226 1192 1287 para·

179 1312 249 1372 rent
271 1310 430 1394 reliquias.

242 1414 338 1480 Anno
370 1421 477 1479 autem
508 1416 593 1481 1880
621 1413 823 1480 Studemund
855 1417 986 1480 canonis
1019 1415 1189 1480 divisiones

180 1520 300 1605 aliquae
323 1520 506 1586 Florentiae
528 1524 674 1587 inventas
698 1523 854 1606 discipulo
879 1522 1003 1586 cuidem
1027 1521 1190 1585 mandavit

180 1626 312 1692 edendas
336 1629 545 1712 permisitque
567 1633 605 1693 ut
628 1630 827 1713 inspicerem,
852 1633 976 1692 etcum
994 1648 1109 1691 novam
1129 1648 1188 1714 ego

180 1734 260 1798 viam
285 1734 516 1818 interpretandi
535 1736 782 1819 proposuissem,
805 1734 888 1799 hanc
905 1734 1102 1818 probandam
1122 1754 1189 1797 esse

179 1839 342 1904 intellexit.
389 1841 462 1906 inde
490 1842 539 1905 rir
566 1841 791 1928 sagacissimus
815 1839 1020 1904 consiliorum
1045 1860 1188 1903 meorum

179 1946 299 2010 exstitit
318 1950 408 2010 actor
427 1953 459 2011 et
474 1947 656 2011 moderator
672 1948 918 2034 impigerrimus.
944 1968 1017 2010 nam
1033 1947 1188 2031 quidquid

178 2051 349 2117 lectionum
381 2058 437 2117 aut
470 2055 537 2138 ipse
564 2060 621 2117 aut
650 2053 824 2137 Marquard
852 2075 889 2116 ex
918 2051 1012 2116 ltalia
1040 2052 1090 2116 vel
1117 2053 1187 2116 aliis

179 2157 380 2223 bibliothecis
396 2164 590 2242 enotaverat,
609 2181 736 2224 summa
750 2159 942 2223 liberalitate
957 2158 1036 2222 mihi
1050 2180 1188 2223 commo

178 2263 274 2346 davit,
307 2286 366 2329 nec
393 2267 530 2350 tempori
559 2266 614 2330 ille
639 2287 700 2331 nec
727 2266 831 2330 labori
858 2267 1013 2350 pepercit,
1041 2267 1119 2350 quin
1147 2266 1187 2329 ad

179 2373 281 2435 textus
319 2372 533 2436 restituendos
569 2394 626 2436 sua
663 2373 732 2455 ipse
763 2371 906 2435 sollertia
938 2394 989 2436 me
1021 2372 1187 2450 imbueret,

178 2473 259 2541 hunc
286 2478 452 2563 egregium
480 2479 585 2541 virum
612 2478 707 2541 nobis
738 2484 841 2542 morte
868 2483 1012 2561 creptum
1040 2500 1107 2543 esse
1128 2499 1188 2543 nco

177 2603 267 2667 opere
296 2583 446 2648 absoluto
475 2605 599 2648 mecum
628 2605 722 2667 posse
744 2585 883 2670 gaudere
906 2586 960 2668 pio
983 2586 1090 2649 animo
1115 2607 1187 2650 con-

178 2710 296 2775 queror.
352 2694 450 2774 atque
484 2690 621 2754 aliorum
655 2692 752 2755 etiam
785 2692 925 2754 virorum
959 2691 1120 2756 beneficiis
1153 2694 1186 2756 in

176 2797 364 2879 perficiendo
397 2818 492 2880 opere
524 2797 653 2861 adiutus
684 2819 762 2861 sum.
815 2820 889 2860 nam
917 2797 1002 2881 quod
1031 2796 1185 2863 Marciani

176 2905 273 2986 patris
296 2909 329 2967 et
348 2901 497 2965 Vaticani
520 2903 578 2966 filii
602 2903 755 2966 lectiones
778 2925 843 2967 non
863 2925 933 2966 raro
954 2903 1184 2985 discordabant,

176 3010 289 3074 iterum
322 3008 532 3072 conferendus
560 3009 730 3073 videbatur
757 3009 855 3073 codex
883 3008 978 3072 Marc.
1002 3007 1050 3073 VI
1068 3009 1103 3094 33
1131 3011 1185 3095 qui

176 3119 279 3180 brnen
300 3137 398 3202 regno
413 3113 569 3178 Italorum
589 3121 622 3180 et
639 3115 845 3181 bibliothecis
864 3119 1040 3199 praeerant,
1058 3116 1185 3200 pubhce

175 3223 277 3308 rogati
297 3222 496 3303 recusabant,
519 3243 559 3285 ne
578 3222 718 3308 codicepi
739 3223 990 3308 Argentoratum
1012 3223 1184 3287 mitterent.

176 3348 212 3392 ex
247 3328 298 3393 his
330 3329 488 3415 angustiis
519 3328 686 3412 expeditus
723 3352 794 3393 sum
827 3331 977 3393 comitate
1009 3327 1184 3412 Albrechti,

175 3435 228 3518 qui
251 3436 300 3499 vir
321 3435 517 3499 clarissimus
535 3436 576 3499 ab
596 3434 740 3500 Alsatiae
758 3436 971 3522 gubernatore
990 3436 1184 3519 stipendium

176 3541 296 3623 petivit,
320 3562 384 3625 quo
407 3540 594 3605 sublevatus
618 3543 742 3606 codices
761 3540 860 3605 Italos
879 3546 1101 3624 perscrutarer.
1139 3545 1184 3607 ita

174 3649 372 3730 superiorum
405 3647 599 3712 liberalitate
632 3648 712 3712 mihi
745 3651 893 3734 contigit,
932 3654 967 3712 ut
999 3647 1184 3734 Marquardi
