2466 3870
449 270 454 277 ’
526 260 803 370 ’1111111111
930 345 954 361 „
1040 291 1210 388 ''xxvn

195 463 285 523 lectio
312 462 433 522 sublata
459 468 519 541 est,
546 486 582 525 ex
608 465 697 524 huius
723 463 904 522 auctoritate
928 465 1056 539 petenda
1081 463 1206 522 sanatio.
1227 475 1229 481 ’

196 553 241 610 ita
267 551 347 610 enim
371 553 614 628 ρ.158,9,111)ἱ
638 570 738 611 omnes
761 551 868 626 reliqui
891 550 959 609 libri
982 553 1126 611 vocabulo
1150 546 1229 631 ἄρα(

195 641 306 699 inserta
327 640 360 699 id
378 642 602 702 concludentem
620 639 770 697 faciebant
788 638 949 711 Euclidem,
969 640 1047 714 quod
1067 643 1207 714 posuerat

195 730 225 787 in
248 730 406 805 hypothesi
425 724 550 811 (lineam
574 729 614 788 bl
638 728 733 786 lineae
757 730 774 788 0
797 746 858 786 esse
883 723 1205 808 superparticularem),

196 819 275 877 solus
298 818 337 875 W
359 820 434 877 dicit
456 814 533 890 ἐπεὶ,
556 820 591 874 ut
613 821 691 875 recte
716 816 852 874 Euclides
875 818 1106 894 argumentetur.

259 907 359 965 Tanta
381 925 449 963 cum
472 905 512 961 sit
534 904 621 964 huius
644 906 806 964 auctoritas
831 906 862 962 in
886 905 982 963 verbis
1006 903 1138 962 Euclidis
1162 925 1205 962 re-

195 994 360 1065 stituendis,
379 994 410 1050 in
431 992 538 1051 Franci
556 993 715 1053 collatione
734 993 917 1066 acquiescere
936 993 1080 1051 nolebam.
1126 994 1204 1067 quod

196 1101 262 1139 vero
285 1080 427 1138 Vaticani
450 1080 541 1140 libros
562 1099 660 1139 mense
679 1082 814 1157 Augusto
837 1081 899 1154 ipse
923 1079 1004 1138 adire
1028 1100 1087 1140 non
1111 1081 1204 1157 potui,

181 1169 333 1238 ,Petersen
365 1169 497 1228 instituti
531 1168 698 1228 Germanici
735 1169 900 1244 praefectus
932 1170 1093 1228 commovit
1125 1170 1203 1242 Mau,

196 1257 342 1316 bominem
380 1259 583 1318 doctissimum
620 1261 651 1315 et
686 1258 717 1315 in
749 1259 803 1316 hac
835 1276 925 1333 opera
957 1257 1203 1330 sollertissimum,

195 1350 228 1403 nt
249 1346 382 1406 llualidis
405 1347 565 1406 sectionem
587 1347 643 1404 hoc
666 1365 733 1403 cum
755 1345 853 1403 codice
877 1346 984 1404 iterum
1008 1350 1201 1420 compararet.

196 1453 282 1493 unum
312 1435 369 1493 hac
398 1436 430 1492 in
458 1455 489 1492 re
513 1435 685 1507 dolendum,
721 1435 798 1508 quod
831 1438 963 1508 protases
997 1435 1133 1493 11-18
1165 1434 1202 1490 W

196 1523 312 1581 omittit

256 1610 291 1669 In
328 1611 454 1688 isagoga
489 1613 590 1668 autem
622 1628 697 1685 quae
729 1628 789 1667 una
821 1628 887 1668 cum
918 1611 1039 1669 canonis
1072 1612 1200 1670 sectione

195 1698 362 1759 transscribi
385 1698 509 1772 solebat,
532 1716 619 1773 saepe
642 1698 720 1756 hunc
739 1697 777 1753 W
799 1702 936 1775 agentem
959 1699 1020 1756 ridi
1044 1717 1110 1757 cum
1129 1699 1200 1758 Mei·

195 1786 269 1846 bomi
296 1787 471 1865 vulgaribus
498 1780 674 1861 codicibus¹,
701 1789 736 1844 ut
758 1785 795 1844 ab
818 1787 904 1845 initio
929 1787 1009 1845 haud
1032 1788 1075 1844 ita
1099 1789 1200 1866 magni

194 1876 397 1934 existimarem
433 1880 535 1934 tamen
553 1879 585 1933 et
602 1878 668 1933 erat
685 1875 735 1933 ubi
754 1869 945 1952 congrueret²
962 1895 1029 1934 curn
1047 1876 1085 1933 M.
1119 1877 1199 1934 deni-

194 1983 245 2039 que
259 1964 310 2024 ubi
324 1964 524 2023 discedentem
537 1965 615 2022 hunc
629 1983 648 2022 a
661 1964 692 2022 M
702 1964 840 2023 lectiones
855 1965 983 2039 optimas
997 1964 1081 2023 nobis
1096 1966 1198 2024 offerre

194 2053 249 2111 ridi
276 2056 308 2111 et
334 2054 365 2112 in
393 2053 467 2129 ipsis
493 2052 641 2111 erroribus
664 2056 763 2110 tamen
785 2053 929 2112 sociorum
952 2054 1098 2130 dignitate
1121 2073 1198 2113 corn·

193 2141 333 2215 mandari,
361 2141 453 2200 etiam
481 2141 512 2199 in
539 2141 663 2219 isagoga
690 2142 743 2199 bas
771 2141 909 2199 lectiones
932 2143 1086 2219 permagni
1110 2145 1197 2200 aesti-

193 2230 311 2289 mandas
343 2248 406 2289 esse
438 2230 582 2288 intellexi.
618 2229 653 2288 cl.
687 2230 765 2287 enim
797 2226 909 2306 ἀμφοῖν
939 2230 1027 2304 illud,
1058 2231 1136 2307 quod
1167 2233 1197 2289 in

194 2319 324 2377 omnibus
354 2319 438 2377 libris
468 2319 579 2396 legitur
610 2320 686 2392 181,
706 2332 734 2392 o,
764 2318 794 2377 in
824 2319 863 2375 W
892 2320 954 2378 solo
987 2320 1025 2377 ad
1055 2319 1138 2378 τάσιν
1168 2326 1198 2378 et

193 2407 326 2485 φθόγγον
344 2411 423 2465 recta
442 2410 607 2480 revocatur,
630 2411 661 2465 et
679 2398 714 2467 οὗ
733 2416 885 2485 πρῶτον..
903 2412 994 2466 κεῖται
1019 2411 1138 2480 197,1,
1163 2428 1196 2467 ae

194 2496 255 2553 vide
273 2515 341 2554 cum
360 2489 433 2554 NB
452 2496 680 2555 concordantem
698 2497 774 2554 hunc
792 2497 904 2554 fontem
925 2499 1000 2569 190,
1016 2508 1039 2555 9.
1066 2500 1138 2569 203,
1157 2511 1194 2555 11.

195 2584 319 2657 90011.
362 2602 438 2659 quae
462 2603 529 2644 cum
552 2585 596 2642 ita
619 2602 648 2642 se
672 2583 808 2657 habeant,
832 2604 866 2641 er
885 2584 986 2643 eodem
1005 2584 1077 2643 olim
1096 2586 1195 2644 arche·

191 2676 260 2748 typo
282 2673 362 2731 bunc
380 2671 419 2728 W
437 2691 503 2732 cum
526 2672 649 2749 reliquis
671 2673 802 2731 fontibus
820 2673 935 2731 fluxisse
954 2673 1092 2747 dicemus,
1112 2693 1195 2749 prae·

192 2764 266 2819 stare
294 2766 397 2820 autem
422 2761 583 2820 lectionum
606 2762 751 2838 dignitate
775 2765 806 2819 et
828 2762 944 2820 virtute.
990 2763 1092 2838 itaque
1116 2763 1195 2838 quod

191 2847 292 2907 borum
315 2850 347 2907 M
370 2853 402 2908 et
423 2849 462 2906 W
485 2850 625 2909 lectiones
648 2850 698 2908 ubi
721 2849 939 2909 concordabant
956 2869 1070 2926 semper
1088 2852 1112 2909 si
1137 2872 1194 2910 non

192 2956 281 3009 veras,
300 2941 334 2995 at
352 2937 575 3012 antiquissimas
593 2938 664 2996 duxi
682 2943 712 2995 et
730 2938 861 2997 codicum
876 2940 1053 2998 auctoritate
1068 2941 1194 2999 maxime

192 3025 342 3099 probatas,
375 3045 476 3084 omnes
507 3027 638 3101 profecto
666 3027 842 3099 laudabunt,
872 3031 958 3086 erunt
987 3028 1111 3086 fortasse
1144 3031 1192 3105 qui

191 3114 255 3172 huic
273 3114 341 3172 Vat.
367 3115 433 3189 plus
456 3116 548 3172 etiam
570 3117 757 3174 auctoritatis
780 3135 869 3190 quarn
891 3117 1041 3175 Marciano
1065 3119 1194 3176 tribuen-

259 3308 272 3354 1
287 3301 362 3356 Vide
376 3300 469 3354 variae
485 3299 619 3356 lectiones
633 3320 660 3371 p.
675 3309 731 3369 179,
751 3307 871 3357 redactur
886 3306 915 3356 et
923 3322 949 3371 q.
965 3320 1021 3373 seq.
1031 3309 1091 3370 180,
1107 3305 1192 3374 βαρύ-

190 3391 236 3439 της
250 3402 282 3413 -
296 3370 419 3435 ἀνέσεως
437 3374 467 3426 at
484 3369 559 3426 καθ’
579 3374 671 3426 αὐτῶν
691 3379 748 3442 181,
764 3373 832 3442 νήτη
848 3379 906 3440 181,
926 3373 1012 3429 ctiam
1028 3375 1056 3428 in
1070 3375 1193 3445 pessima

192 3442 308 3497 lectione
327 3441 454 3511 πέμπτον
473 3444 502 3497 et
520 3442 601 3498 ἕκτον
622 3449 727 3511 184,1ο.

258 3520 274 3567 2
298 3514 330 3567 ln
352 3514 435 3568 rebus
459 3513 597 3584 perversis
622 3520 724 3583 181,11
747 3519 811 3584 (cm.
835 3519 885 3585 λιχ.
908 3517 979 3585 bn),
1005 3522 1067 3583 180,
1084 3534 1108 3570 rc
1127 3522 1190 3585 (om,

190 3589 276 3654 παρ),
295 3601 321 3640 aa
343 3584 444 3653 (babet
461 3585 602 3654 diatonos)
622 3590 684 3654 181,
701 3603 732 3641 re.
755 3592 812 3653 194,
828 3603 860 3642 rc.
881 3594 982 3655 191,ιι
1003 3588 1079 3642 etin
1098 3588 1191 3642 dubiis

193 3660 250 3723 180,
265 3676 284 3711 1.
304 3660 427 3710 196-98
447 3659 476 3710 et
494 3656 523 3709 in
541 3656 631 3725 bonis,
651 3660 682 3710 ut
703 3662 793 3725 1901.
817 3663 874 3725 198,
891 3675 921 3713 rs.
944 3664 1004 3725 100,
1019 3677 1039 3712 s.
1058 3665 1118 3726 101,
1134 3676 1154 3714 1.
