2466 3870
425 286 432 295 ¹
574 302 705 377 luccae
797 358 803 365 .
1080 302 1147 369 287

124 446 189 553 aa
221 442 262 531 nt
293 464 374 531 aar
407 486 425 531 ο
456 466 621 535 ananan
648 462 838 535 anama
868 469 990 555 aspa
1021 466 1149 533 anatur

124 572 180 663 (cf
203 594 302 659 supra
323 570 415 639 locos
436 573 499 641 aub
521 572 579 663 B).
625 576 713 661 quod
740 579 849 641 tamen
874 576 909 641 in
930 576 1146 641 mutationum

125 700 260 747 numero
288 682 374 764 §51
404 684 439 747 et
465 684 510 751 53
537 682 650 747 eadem
678 704 729 747 ree
756 682 937 767 explicatur
962 682 1148 751 nominibus

124 786 274 873 direrais,
302 788 390 875 quod
417 790 453 855 in
480 790 525 855 35
552 787 738 855 immobiles
764 788 836 855 soni
859 789 902 855 ob
926 812 996 855 eain
1019 812 1146 855 causam

124 900 242 963 stactes
263 896 426 962 nominari
449 894 612 981 dicuntur,
636 897 714 981 quia
734 895 787 963 bis
809 896 1007 962 diatessaron
1031 902 1064 962 et
1084 896 1149 961 diu·

124 1006 222 1088 peutc
253 1003 423 1089 liniantur,
455 1007 591 1087 apparet
623 1003 835 1071 intervenisse
866 1004 1013 1070 homines
1041 1026 1146 1069 rerum

125 1112 259 1177 minime
280 1110 413 1195 peritas.
450 1110 487 1175 in
507 1114 529 1193 θ
547 1110 592 1177 25
615 1110 715 1178 homo
733 1112 874 1197 prudens
892 1118 1017 1199 pugnat
1034 1116 1148 1177 contra

124 1240 219 1283 usum
238 1216 389 1283 vocabuli
406 1221 550 1302 πυκνόν,
567 1220 625 1305 qui
640 1242 718 1285 usus
732 1224 860 1285 constat
873 1220 908 1284 in
920 1222 962 1301 fi}
972 1220 1022 1283 20.
1033 1220 1084 1285 21.
1095 1220 1147 1285 33.

124 1326 160 1391 in
185 1328 206 1407 β
228 1324 272 1391 39
300 1322 400 1391 homo
428 1324 563 1391 minime
590 1326 720 1411 sapiens
747 1325 915 1391 diezeuxin
942 1326 1147 1413 excogitavit,

124 1452 207 1517 quae
234 1432 365 1499 admitti
392 1432 485 1499 nullo
512 1432 610 1499 medo
638 1438 756 1519 potest.
802 1432 878 1499 huic
900 1435 986 1519 parti
1009 1433 1148 1522 aggluti-

124 1542 202 1604 nata
232 1544 283 1605 est
315 1540 416 1607 series
448 1539 689 1625 definitionum,
722 1561 858 1625 quarum
892 1540 1016 1605 librarii
1049 1540 1147 1605 fuisse

125 1645 275 1712 videntur
302 1646 547 1733 studiosissimi3
574 1668 649 1713 cum
677 1668 786 1715 rerum
812 1654 920 1713 autem
948 1648 1059 1726 ordine
1086 1646 1147 1711 hae

125 1754 203 1821 adeo
226 1775 294 1820 non
316 1755 487 1843 quadrant,
509 1757 548 1819 ut
570 1755 624 1821 vel
646 1776 699 1821 res
721 1754 853 1821 inutiles
875 1759 1016 1821 tractent
1039 1754 1073 1841 (ξ
1087 1754 1145 1841 62)

126 1862 176 1928 rel
207 1866 280 1927 acta
313 1862 431 1927 iterum
464 1864 564 1949 agant
588 1859 656 1949 (61.
681 1860 747 1949 66).
798 1885 857 1928 nec
889 1863 1004 1927 melius
1035 1884 1085 1927 res
1112 1883 1146 1927 se

124 1969 223 2035 habet
250 1969 285 2035 in
312 1969 415 2034 altera
442 1968 545 2034 libelli
572 1974 675 2054 parte.
721 1969 817 2035 huius
845 1971 1010 2036 doctrinae
1034 1975 1146 2035 auctor

125 2099 197 2143 cum
230 2077 357 2142 ratione
387 2077 499 2162 potius
531 2099 629 2163 quam
663 2078 796 2143 auribus
825 2078 994 2143 intervalla
1025 2078 1146 2163 percipi

125 2185 203 2250 dicit
221 2183 305 2272 (72),
328 2184 517 2250 Aristoxeni
540 2185 760 2251 adversarium
779 2209 813 2251 se
831 2192 1004 2271 nuncupat,
1023 2190 1146 2251 etcum

125 2314 239 2357 sonum
268 2293 314 2357 ait
337 2293 479 2376 primum
503 2293 645 2357 musicae
669 2293 874 2378 elementum,
904 2316 977 2358 cum
1000 2292 1146 2358 Platonis

126 2399 358 2483 interpretibus
378 2399 448 2485 agit
467 2396 547 2485 (Jan
565 2399 599 2462 in
616 2421 688 2463 ann.
703 2399 785 2482 lycei
800 2400 877 2485 Arg.
895 2402 988 2465 1891.
1010 2400 1053 2483 2b,
1068 2426 1094 2461 n.
1105 2400 1145 2486 4).

127 2506 254 2594 singula
281 2511 390 2570 autem
418 2505 475 2590 qui
503 2507 650 2590 respicit,
683 2507 757 2571 inde
784 2506 824 2571 ab
854 2507 947 2572 initio
976 2507 1078 2572 multa
1102 2508 1146 2572 in·

126 2615 225 2699 venit,
259 2634 341 2698 quae
373 2612 597 2698 reprehendat.
648 2618 687 2678 ut
715 2613 787 2679 soni
814 2615 1063 2699 uniuscuiusque
1091 2614 1145 2679 ille

125 2722 169 2785 nit
196 2743 265 2786 esse
289 2719 427 2784 formam
451 2742 570 2786 nomen
594 2719 791 2785 facultatem.
838 2744 887 2786 res
911 2721 1089 2805 explicatur
1112 2723 1145 2787 in

126 2831 224 2913 §973
262 2828 317 2892 sed
350 2829 377 2891 si
411 2827 517 2892 forma
545 2826 682 2915 (σχῆμα)
716 2829 863 2915 designat
895 2835 989 2893 notae
1018 2831 1144 2917 signum

125 2938 291 3020 scriptum,
310 2936 449 3001 facultas
468 2940 577 3001 autem
597 2937 630 3000 id
650 2937 736 3021 quod
756 2935 841 3000 valet
860 2935 1029 3022 (δύναται)
1048 2960 1145 3001 sonus

125 3045 158 3107 in
176 3047 352 3128 systemate
371 3044 481 3128 aliquo
502 3043 553 3108 vel
572 3045 788 3133 instrumento
809 3044 904 3130 (tibin
919 3044 1026 3128 lydia),
1047 3045 1144 3109 veluti

125 3173 209 3215 rnese
231 3151 302 3215 toni
326 3151 415 3235 lydii,
442 3189 479 3197 —
508 3151 587 3235 quid
610 3151 740 3218 additur
762 3152 890 3236 ὅνομαῖ
933 3172 1039 3216 nonne
1062 3152 1144 3217 idern

125 3262 172 3322 cst
201 3280 319 3323 nomen
347 3280 501 3323 sonorum
530 3280 568 3322 ac
595 3259 734 3324 facultas
762 3261 795 3323 in
823 3266 900 3324 tono
928 3258 1059 3343 aliquo?
1104 3282 1145 3324 an

127 3365 336 3452 cogitandum
356 3371 405 3430 est
423 3369 529 3451 ὄνομα
547 3368 632 3432 κατὰ
650 3367 761 3450 θέσιν,
780 3371 815 3431 ut
834 3388 932 3431 sonus
951 3366 1005 3430 ille
1021 3366 1146 3431 dicatur

123 3477 277 3557 paranete
300 3474 554 3559 diezeugmenon
575 3473 666 3558 lyrae
690 3474 819 3539 doriaa'?
860 3478 895 3538 at
918 3474 979 3539 hoc
1003 3479 1071 3539 erat
1094 3496 1146 3539 er·

124 3580 316 3665 plicandum.
369 3587 402 3646 et
436 3583 469 3646 in
502 3581 720 3668 dignoscendo
754 3582 830 3667 quid
863 3582 1022 3670 significet
1049 3585 1145 3660 τόνος

123 3685 211 3777 (68),
238 3688 317 3774 quid
344 3688 479 3754 stultius
506 3689 606 3754 scribi
634 3691 744 3775 potuit
772 3712 867 3776 quam
896 3689 976 3754 illud
999 3689 1047 3756 ἐπ’
1075 3688 1146 3768 ὀξύ
