2466 3870
798 89 946 140 Praelatio.

372 245 578 307 multitudiue
595 249 802 334 radicumque
818 251 908 330 copia
925 272 1003 329 opus
1020 251 1205 313 tardabatur

372 369 467 413 cursu
485 350 641 420 adfinem
658 356 825 440 pervenire
844 353 944 437 potui.
980 375 1054 417 nam
1074 356 1225 436 suscipie.

373 454 536 523 doctrinae
558 460 710 525 metricae
733 458 848 542 studia,
872 464 908 524 ut
926 458 1099 523 Bacchium
1124 461 1209 521 recte

373 566 471 647 tarer,
503 565 671 630 tractanda
698 568 767 628 erat
794 567 1004 649 astronomia,
1032 586 1073 630 ne
1099 564 1133 628 ia
1160 560 1230 627 Nea

374 668 437 734 illis
469 669 605 735 fallerer.
657 670 711 735 diu
744 693 824 756 opus
856 672 1065 736 morabantur
1096 670 1212 755 Peripa

374 775 518 839 difficilia
561 777 762 859 problemata
806 779 841 842 in
881 777 1020 841 musicae
1062 775 1200 841 Graecae

375 880 505 944 minime
523 881 733 970 neglegenda3
753 882 805 947 his
824 889 930 948 autem
950 882 1203 968 pervestigandis
1226 912 1231 937 ι

375 986 582 1053 Aristotelem
604 990 761 1055 adductus
783 1012 868 1074 sum,
893 1011 952 1054 nec
974 993 1053 1073 puto
1077 1011 1171 1076 aegre
1194 990 1224 1052 fe

376 1113 455 1176 quaa
485 1091 541 1158 hic
568 1095 606 1159 de
634 1101 702 1160 arte
729 1095 785 1159 illa
812 1096 1019 1183 cogitavisset
1047 1094 1226 1181 colligenda

375 1201 612 1281 prooemiorum
639 1207 746 1266 autem
774 1201 993 1288 longitudines
1020 1203 1047 1265 si
1075 1201 1214 1284 improb

378 1310 476 1371 torem
511 1328 628 1391 quaeso
662 1307 821 1393 vitupera,
854 1308 911 1394 qai
943 1315 980 1372 ut
1011 1307 1111 1372 oculis
1140 1307 1206 1371 tuis

378 1434 456 1496 quae
482 1411 662 1478 minoribus
684 1413 802 1479 litteris
825 1415 859 1479 in
882 1435 999 1498 paucas
1022 1415 1154 1501 paginas
1178 1434 1231 1478 co·

378 1522 515 1603 poterat,
536 1518 691 1583 benevolo
714 1519 823 1584 animo
846 1521 880 1584 in
903 1519 986 1584 hanc
1008 1518 1217 1603 amplitudine

379 1625 431 1688 xit.
476 1625 563 1710 quod
585 1629 693 1690 autem
716 1625 812 1691 huius
834 1627 914 1690 artis
933 1627 1056 1691 codices
1075 1648 1184 1690 omnes
1203 1648 1233 1690 ei

379 1735 509 1795 conatus
535 1753 621 1815 sum,
648 1753 801 1819 magnum
829 1731 891 1797 hoc
918 1733 982 1797 fuit
1008 1732 1114 1796 moliri
1139 1751 1198 1795 nec

379 1858 427 1900 me
453 1836 695 1921 complexurum
723 1840 905 1924 sperabam3
932 1839 987 1903 sed
1015 1839 1055 1901 ad
1077 1843 1206 1921 postero

380 1946 475 2006 tatem
503 1943 647 2008 iacienda
675 1944 783 2010 diffusi
812 1944 919 2029 operis
946 1944 1152 2009 fundamenta
1174 1943 1231 2006 ali

379 2047 493 2113 bantur
525 2054 558 2114 et
589 2051 680 2135 quasi
713 2050 810 2116 loculi
843 2053 972 2136 quidam
1006 2050 1205 2133 instituendi,

380 2154 512 2240 quisque
547 2157 668 2241 ubique
703 2158 886 2244 neglectum
920 2158 1093 2221 invenisset
1124 2156 1187 2218 huc
1225 2183 1233 2212 ι

369 2260 455 2346 ·(qua
477 2263 511 2327 in
534 2284 568 2326 re
591 2263 735 2328 facienda
758 2286 885 2349 quaero,
909 2269 945 2328 ut
969 2264 1023 2347 qui
1042 2262 1218 2326 Ptolemaei

379 2367 472 2452 phyri
504 2369 644 2434 codicem
676 2370 847 2453 describat,
880 2392 920 2435 ne
948 2371 1067 2434 exitum
1096 2375 1207 2433 notare

380 2481 473 2560 atque
505 2476 539 2540 in
571 2474 631 2540 hac
662 2476 766 2559 operis
793 2482 885 2559 parte
913 2477 1041 2563 egregie
1068 2499 1118 2539 me
1147 2475 1233 2539 adiu

380 2580 538 2647 anonis
570 2581 656 2647 Keili
690 2583 824 2647 scientia
856 2588 889 2648 et
922 2582 1121 2646 humanitate
1154 2585 1227 2668 grat

380 2688 540 2772 profiteor.

444 2794 570 2860 Exeant
593 2795 656 2859 iam
681 2796 713 2860 in
737 2795 904 2880 publicum
932 2794 1044 2859 musici
1069 2794 1122 2856 diu
1143 2794 1233 2858 oblit

381 2899 508 2966 videant
542 2899 690 2966 homines
722 2902 822 2986 docti,
856 2902 1013 2985 numquid
1045 2923 1115 2964 mea
1147 2921 1233 2984 oper

306 3048 310 3052 -
380 3007 582 3092 iudicentque
604 3010 732 3073 rectene
754 3008 893 3090 fecerim,
918 3007 1004 3091 quod
1027 3006 1082 3070 ubi
1100 3028 1225 3089 possem

381 3114 603 3178 auctoritatem
627 3115 778 3179 tuendam
801 3120 959 3199 putarem,
982 3113 1038 3177 ubi
1060 3135 1125 3177 non
1144 3134 1233 3197 poss

380 3218 524 3285 Euclidis
544 3222 669 3305 protasi
689 3221 740 3304 18,
763 3221 894 3305 proprio
914 3221 1032 3286 iudicio
1051 3220 1178 3305 niterer,
1197 3244 1215 3284 a

381 3327 468 3392 varia
488 3325 626 3392 lectione
650 3327 879 3392 conscribenda
897 3327 1067 3391 verborum
1087 3327 1215 3411 quidem

382 3431 620 3521 religiosissime
644 3431 779 3518 reddidi,
803 3434 836 3498 in
861 3434 963 3521 signis
986 3439 1091 3497 autem
1117 3431 1230 3496 relno
