2466 3870
404 323 588 381 enchiridion.
621 342 644 381 ο.
661 332 703 392 11.
730 345 757 396 p,
773 326 878 380 2ο-’22
899 324 935 379 M.
1113 304 1201 385 257'

159 489 415 575 ἀριθμούμενον
444 471 649 577 έπτάχορδον
677 492 778 556 πάλιν
805 491 991 573 ἀναγκαίως
1018 486 1072 554 καὶ
1097 486 1180 552 αὐτὸ

160 597 378 663 ἀποτελεῖται.
442 596 496 664 ἐπὶ
520 595 557 665 δὲ
579 608 619 684 τῇ
643 597 675 676 ἐξ
699 598 800 681 ἀρχῆς
819 598 944 683 ὑπάτη
963 594 1016 661 ἐπὶ
1036 598 1073 662 τὸ
1092 596 1180 680 βαρὺ

160 704 198 769 τὸ
212 701 328 788 ἕτερον
347 716 415 770 τῶν
434 704 624 790 λεχθέντων
642 714 819 789 προσήηαν
833 704 1065 787 τετράχορδον,
1079 701 1181 768 πάλιν

160 812 243 876 κατὰ
271 813 445 896 συναφὴν,
474 812 731 893 συνυπακούσης
759 811 848 896 αὐτῷ
875 809 930 874 καὶ
959 819 1016 892 τῆς
1039 814 1182 885 παλαιᾶς

134 917 288 1002 εὑπάτης
312 920 357 995 ὡς
380 919 421 1000 δὴ
446 915 597 998 ὀξυτέρου
617 928 683 982 τῶν
703 918 739 983 ἐν
758 918 848 1004 αὐτῷ
868 920 1040 1001 φθόγγων.
1077 939 1183 1000 παρα-

162 1031 310 1109 πλησίως
327 1022 364 1089 δὲ
378 1023 475 1089 ἕνεκα
490 1023 742 1108 άντιδιαστολῆς
756 1034 813 1108 τῆς
827 1028 977 1107 πρόσθεν
991 1024 1112 1101 τάξεως
1125 1021 1182 1087 καί

162 1143 261 1199 τοῦτο
285 1135 402 1215 ἔτυχεν
425 1129 601 1216 ὀνομάτων
624 1131 862 1218 εὐσημοτέρων.
908 1131 1093 1216 προσετέθη
1119 1132 1182 1214 γὰρ

163 1238 289 1327 ἑκάστῳ
318 1239 355 1303 τὸ
382 1238 557 1323 ὑπατῶν,
590 1231 664 1304 οἷον
691 1238 799 1322 ὑπάτη
826 1239 977 1320 ὑπατῶν,
1006 1237 1183 1321 παρυπάτη

162 1347 317 1428 ὑπατῶν,
347 1344 503 1423 διάτονος
530 1346 667 1412 ὑπατῶν
694 1346 714 1429 ἢ
742 1349 876 1430 λιχανὸς
902 1345 1054 1428 ὑπατῶν,
1082 1341 1184 1410 οὐδέν

126 1481 150 1519 ιο
164 1456 227 1538 γάρ
257 1453 411 1538 διαφέρει
439 1453 675 1538 ὁποτερωσοῦν
702 1453 883 1538 ὀνομάζειν.
933 1452 987 1518 καὶ
1018 1462 1118 1518 τοῦτο
1148 1450 1185 1517 δὲ

164 1562 245 1627 δλον
267 1563 306 1627 τὸ
329 1563 481 1646 σύστημα
505 1560 569 1627 ἀπὸ
593 1570 651 1645 τῆς
672 1560 772 1645 μέσης
795 1559 848 1626 ἐπὶ
867 1563 928 1646 τὴν
946 1561 1083 1625 ὑπατῶν
1101 1559 1185 1624 ὑπά-

163 1693 225 1752 την
249 1666 456 1753 έπτάχορδον
480 1668 679 1752 συνέβαινεν
702 1664 787 1733 εἶναι
807 1669 842 1733 ἐκ
866 1668 928 1733 δύο
948 1680 1111 1751 συναφῶν
1136 1691 1186 1732 τε·

164 1776 360 1860 τραχόρδων
379 1779 599 1860 συγκείμενον
616 1774 672 1840 καὶ
691 1776 802 1840 αὐτῶν
820 1773 871 1840 ένί
889 1784 991 1862 κοινῷ
1006 1774 1187 1860 χρωμένων

166 1885 310 1970 φθόγγῳ
336 1890 376 1966 τῇ
400 1880 520 1968 ἀρχαίᾳ
543 1882 660 1967 ὑπάτη.
708 1883 790 1947 ὥστε
814 1882 878 1948 ἀπὸ
901 1882 1027 1965 ὑπάτης
1050 1883 1187 1947 ὑπατῶν

127 1987 219 2056 ιτέπὶ
261 1990 365 2072 νήτην
406 1988 640 2074 ὑπερβολαίων
682 1990 823 2073 τέσσαρα
860 1985 945 2054 εἶναι
983 1989 1186 2074 τετράχορδα

166 2096 369 2181 συνημμένα.
419 2097 589 2180 εὑρίσκετο
619 2095 655 2161 δέ
681 2099 1086 2183 τρισκαιδεκάχορδον
1115 2099 1186 2161 δια-

165 2216 306 2280 τονικῶς
329 2203 572 2290 ἀμφοτέρωθεν
594 2202 735 2289 ἑβδόμης
753 2206 958 2289 τεταγμένης.
995 2208 1116 2287 ἔπειτα,
1141 2207 1186 2280 ὡς

166 2311 354 2396 προελέχθη
384 2314 473 2395 (cap.
493 2313 552 2394 9>,
579 2314 638 2377 τὸν
667 2314 811 2395 ὄγδοον
842 2317 997 2396 φθόγγον
1029 2314 1088 2377 τὸν
1120 2313 1222 2382 διε-3

167 2432 275 2484 στῶτιι
313 2423 399 2506 τόνῳ
437 2418 557 2502 μεταξὺ
590 2418 690 2504 μέσης
726 2419 781 2483 καὶ
814 2429 871 2502 τῆς
906 2420 1043 2503 ἀρχαίας
1075 2422 1186 2502 τρίτης

127 2556 153 2592 2ο
168 2525 402 2611 παρενέθηκαν
424 2528 459 2591 οὑ
475 2527 536 2608 τὴν
556 2525 719 2609 ἁρμονίαν
739 2531 965 2602 ποικίλλοντες
984 2525 1018 2611 (ἢ
1039 2527 1083 2603 ὡς
1102 2530 1188 2591 ἔνιοι

168 2633 288 2719 μεταξὺ
318 2638 430 2720 τρίτης
457 2632 513 2698 καί
537 2632 740 2719 παραυήτης)
766 2633 821 2698 καὶ
845 2636 905 2717 τὴν
928 2643 987 2698 τοῦ
1012 2635 1068 2699 διὰ
1092 2633 1188 2699 πέντε

169 2746 315 2827 ἔμφασιν
338 2751 549 2825 τρανοῦντες.
586 2740 641 2804 καὶ
667 2740 775 2806 οὐκέτι
800 2741 819 2823 ἡ
844 2741 926 2826 μέση
950 2751 994 2827 τῷ
1015 2744 1086 2806 ὄντι
1106 2740 1187 2825 μέση

170 2849 214 2932 (p.
235 2849 293 2935 22)
319 2850 498 2932 εὑρίσκετο.
545 2848 580 2912 έν
607 2850 669 2931 γὰρ
695 2851 829 2932 χορδαῖς
852 2848 1087 2932 άρτιοπαγέσιν
1109 2849 1188 2913 ἀδύ-

245 3159 256 3201 1
280 3149 495 3219 ἀριθμουμένης
516 3151 550 3204 Μ.
625 3150 711 3201 καὺτὸ
732 3150 761 3203 Β4
837 3158 851 3202 2
872 3159 903 3220 τῇ
924 3145 970 3204 έπὶ
991 3151 1021 3216 R,
1042 3153 1192 3219 utrumque

172 3240 225 3276 0111.
258 3223 320 3275 ΜΒ,
414 3228 428 3274 5
462 3222 497 3289 δὴ
532 3221 582 3283 τὰς
615 3219 746 3287 ὀξυτέρας
779 3221 846 3275 libb.
939 3229 954 3275 6
989 3230 1036 3289 τῆς
1064 3225 1134 3290 πρὸς
1162 3225 1192 3276 τὸ

173 3292 300 3361 πρόσθεν
320 3293 389 3346 libb.
464 3289 601 3347 θέκάστω
618 3294 648 3359 R,
669 3289 822 3363 έκάστηΜ,
843 3289 1003 3362 ἕκαστηςΒ.
1077 3296 1107 3348 τὸ
1123 3294 1193 3348 ὑπα-

175 3386 224 3419 τον
244 3365 311 3419 RM.
388 3372 419 3419 10
439 3364 563 3433 ὀποτέρω
584 3363 634 3419 οὑν
656 3365 690 3420 M.
751 3365 814 3418 hinc
835 3384 922 3434 usque
942 3366 978 3419 ad
997 3386 1022 3436 p.
1040 3373 1123 3433 ms
1143 3368 1192 3420 ad-

174 3436 315 3491 hibendus
340 3440 401 3490 erat
419 3437 600 3506 Pachymeris
625 3436 697 3490 liber
715 3454 797 3505 quem
817 3438 908 3492 edidit
927 3439 1059 3505 δίπυροι,
1083 3440 1194 3494 Notices

175 3527 201 3578 p.
222 3514 283 3563 401.
377 3514 409 3561 13
433 3510 527 3563 καὺτὼ
547 3510 583 3576 Β,
608 3504 663 3582 κᾷν
687 3510 717 3562 τὸ
738 3510 778 3576 Μ,
802 3511 870 3564 αὑτδ
890 3510 921 3565 R.
995 3531 1104 3576 κοινωι,
1130 3532 1146 3563 ν
1166 3514 1195 3565 et

175 3580 225 3635 alt.
250 3601 260 3635 ι
285 3579 314 3633 in
338 3597 392 3635 ras.
420 3581 459 3635 M.
581 3585 724 3652 χρώμενον
757 3582 786 3635 Β.
917 3588 947 3636 16
982 3584 1131 3649 τρεισκαιδ.
1162 3584 1193 3637 R.

178 3658 209 3705 17
234 3647 334 3720 ἐπειδὴ
358 3652 381 3706 Β
423 3648 486 3710 ἐπεὶ
511 3653 542 3709 δέ
567 3653 603 3722 R,
633 3652 694 3709 ἐπεὶ
719 3655 753 3707 Μ.
845 3662 879 3708 ‘20
902 3653 1090 3717 ποικίλλοντες
1113 3655 1193 3725 RM¹,

175 3725 355 3786 ποικίλαντες
372 3696 452 3783 βψ.
526 3731 560 3780 22
580 3734 617 3799 τῷ
638 3726 753 3796 ὀνόματι
771 3726 814 3781 Βῑ.
888 3734 921 3780 ‘23
943 3728 1083 3795 ὀρτιοταγ.
1103 3727 1134 3781 R.
