2466 3870
379 366 616 447 ’·οιιιωιιιι
648 345 963 462 &gammam
1043 386 1093 439 ·.·
1148 386 1200 476 οξιι

110 536 116 541 ’
169 531 270 617 ὀὕτω
306 545 363 614 καὶ
393 560 461 615 τῶν
492 550 679 637 ἁρμονιῶν
694 551 911 635 παρεκβάσεις
942 549 1007 618 είσὶ
1037 548 1093 617 καὶ
1124 560 1193 616 τῶν

183 659 293 739 μελῶν
314 654 356 719 τὰ
378 657 524 723 σύντονα
545 654 602 722 καὶ
624 655 931 740 παρακεχρωσμένα.
966 670 1058 724 ποιεῖ
1075 654 1113 723 δὲ
1130 656 1192 740 τὴν

184 758 311 844 ἡδονὴν
333 758 483 840 ἑκάστοις
505 762 543 827 τὸ
565 762 647 826 κατὰ
671 761 777 843 φύσιν
800 763 931 826 οίκεῑον.
973 763 1089 849 διόπερ
1112 763 1193 831 άπο-

185 864 301 934 δοτέον
328 867 482 947 ἐξουσίαν
508 877 578 943 τοῖς
605 865 859 951 ἀγωνιζομένοις
882 868 964 951 πρὸς
986 868 1046 931 τὸν
1067 870 1194 953 θεατὴν

159 974 244 1039 στὸν
265 983 421 1040 τοιοῦτον
442 972 584 1058 τοιούτῳ
606 969 674 1037 τινὶ
698 980 841 1056 χρῆσθαι
865 982 909 1061 τῷ
928 972 1017 1056 γένει
1036 982 1094 1056 τῆς
1112 998 1193 1058 μου-

186 1089 287 1164 σικῆς.
323 1080 406 1164 πρὸς
424 1074 461 1142 δὲ
478 1078 679 1162 παιδείαν,
698 1077 807 1163 ὥσπερ
824 1085 960 1163 είρηται,
978 1091 1048 1155 τοῖς
1061 1078 1194 1161 ἠθικοῖς

184 1197 253 1251 τῶν
269 1190 380 1268 μελῶν
398 1183 557 1268 χρηστέον
574 1182 630 1250 καὶ
647 1197 720 1260 ταῖς
738 1185 911 1269 ἁρμονίαις
927 1198 999 1261 ταῖς
1016 1186 1196 1263 τοιαύταις.

186 1290 321 1373 τοιαύτη
336 1287 365 1354 δ’
384 1288 405 1373 ἡ
419 1290 598 1374 δωριστί,
611 1289 762 1374 καθάπερ
777 1297 911 1376 εἴπομεν
920 1293 1093 1377 πρότερον·
1108 1291 1195 1377 δέχε-

187 1402 268 1463 σθαι
282 1392 320 1462 δὲ
334 1397 388 1462 δεῖ
398 1397 463 1462 κδν
470 1419 547 1462 τινα
560 1396 754 1482 δίλληνὴμίν
764 1396 982 1482 δοκιμάζωσιν
992 1398 1028 1462 οί
1037 1397 1195 1464 κοινωνοὶ

149 1531 175 1570 ιο
186 1512 244 1586 τῆς
266 1502 303 1569 έν
321 1506 507 1589 φιλοσοφία
524 1503 696 1587 διατριβῆς
713 1502 769 1568 καὶ
787 1515 843 1587 τῆς
860 1502 934 1587 περὶ
952 1504 1014 1587 τὴν
1032 1505 1196 1589 μουσικὴν

186 1610 345 1686 παιδείας.
381 1609 400 1675 ό
414 1608 443 1675 δ’
467 1608 504 1674 ἐν
516 1616 556 1694 τῇ
570 1614 720 1695 πολιτείᾳ
734 1610 913 1695 Σωκράτης
931 1611 972 1677 ού
990 1617 1098 1688 καλῶς
1117 1610 1196 1695 [rep.

187 1712 308 1801 11110]
329 1716 390 1799 την
413 1713 604 1799 φρυγιστὶ
626 1717 734 1800 μόνην
750 1721 936 1781 καταλείπει
955 1718 1035 1801 μετὰ
1053 1725 1111 1801 τῆς
1133 1718 1197 1783 δω-

188 1825 286 1906 ριστί,
304 1819 362 1887 καὶ
380 1830 483 1887 ταῦτα
501 1820 748 1904 ἀποδοκιμάσας
763 1821 807 1907 [p.
824 1820 938 1906 134212]
956 1832 1025 1887 τῶν
1043 1822 1197 1906 ὀργάνων

187 1930 246 1994 τὸν
273 1927 387 1993 αὐλόν.
432 1930 497 2012 ἔχει
524 1929 588 2011 γὰρ
615 1927 678 2009 τὴν
701 1928 971 2011 αὐτὴνδύναμιν
994 1928 1014 2011 ἡ
1038 1925 1197 2013 φρυγιστὶ

152 2060 176 2101 ιε
188 2045 255 2100 τῶν
282 2033 452 2118 ἁρμονιῶν
478 2034 582 2119 ἥνπερ
610 2034 712 2109 αὐλὸς
738 2034 776 2099 έν
802 2047 871 2112 τοῖς
898 2034 1066 2121 ὀργάνοις·
1098 2036 1197 2120 ἄμφω

188 2142 251 2225 γὰρ
283 2139 476 2225 ὀργιαστικὰ
506 2138 561 2205 καὶ
593 2141 770 2223 παθητικά.
816 2143 914 2225 δηλοῖ
943 2140 975 2206 δ’
1005 2141 1026 2224 ἡ
1053 2146 1197 2225 ποίησις·

188 2260 277 2314 πᾶσα
299 2247 362 2332 γὰρ
386 2249 520 2331 βακχεία
538 2244 593 2312 καὶ
611 2260 701 2313 πᾶσα
719 2247 740 2331 ἡ
758 2250 893 2332 τοιαύτη
910 2251 1040 2331 κίνησις
1058 2248 1199 2333 μάλιστα

188 2365 256 2419 τῶν
283 2352 436 2438 ὀργάνων
459 2352 549 2419 ἐστὶν
571 2353 609 2419 έν
631 2368 702 2432 τοῖς
725 2355 853 2439 αύλοῑς,
879 2354 999 2420 τῶνδ’
1028 2354 1199 2440 ἁρμονιῶν

190 2458 226 2524 έν
257 2471 327 2536 τοῖς
354 2458 513 2543 φρυγιστὶ
540 2459 653 2544 μέλεσι
680 2460 840 2544 λαμβάνει
866 2470 969 2525 ταῦτα
996 2462 1034 2527 τὸ
1064 2461 1199 2545 πρέπον.

152 2592 178 2631 ιο
191 2558 264 2632 οἷον
283 2565 301 2631 δ
319 2566 530 2650 διθύραμβος
543 2564 817 2651 ὁμολογουμένως
831 2561 915 2631 εἶναι
931 2568 1025 2633 δοκεῖ
1039 2567 1200 2653 Φρύγιον.

189 2672 244 2738 καὶ
268 2674 389 2739 τούτου
411 2674 517 2739 πολλὰ
539 2674 787 2760 παραδείγματα
810 2674 966 2757 λέγουσιν
989 2676 1024 2740 οί
1044 2673 1119 2762 περὶ
1139 2676 1201 2758 τὴν

192 2780 328 2844 σύνεσιν
351 2780 474 2862 ταύτην
497 2781 580 2846 ἄλλα
602 2803 648 2864 τε,
670 2779 727 2846 καί
751 2782 838 2847 διότι
858 2780 1036 2859 Φιλόξενος
1054 2781 1199 2866 ἐγχειρη-

192 2902 251 2962 σας
279 2885 315 2950 έν
337 2895 378 2972 τῇ
401 2884 539 2972 δωριστί
561 2896 697 2970 ποιῆσαι
722 2889 934 2972 διθύραμβον
957 2890 1036 2964 τοὺς
1059 2891 1202 2963 Μυσοὺς

192 2992 252 3075 ούχ
276 2983 345 3068 οἷός
368 2991 394 3057 τ’
422 2987 479 3076 ἦν,
507 2991 577 3057 ἀλλ’
604 2993 670 3059 ὑπὸ
694 3004 751 3076 τῆς
775 2995 906 3077 φύσεως
928 2993 1029 3076 αὐτῆς
1053 2991 1203 3070 ἐξέπεσεν

154 3122 180 3163 ιι
193 3101 239 3174 είς
270 3099 331 3181 την
361 3097 521 3183 φρυγιστὶ
553 3100 613 3181 τὴν
641 3101 875 3182 προσήκουσαν
901 3097 1065 3185 ἁρμονίαν
1093 3098 1202 3164 πάλιν.

194 3203 267 3289 περὶ
295 3202 332 3269 δὲ
359 3214 417 3288 τῆς
444 3203 607 3291 δωριστὶ
633 3204 755 3282 πάντες
778 3204 1000 3290 ὁμολογοῦσιν
1023 3205 1068 3282 ὡς
1092 3222 1225 3289 στασι(

194 3309 342 3395 μωτύτης
374 3311 476 3394 οὔσης
505 3310 560 3376 καὶ
592 3311 721 3397 μάλιστ’
758 3309 842 3394 ἦθος
873 3311 1010 3396 ἐχούσης
1039 3311 1204 3395 ἀνδρεῖον.

194 3419 241 3482 ἔτι
269 3414 305 3483 δὲ
333 3416 404 3483 ἐπεὶ
426 3418 463 3483 τὸ
486 3417 588 3502 μέσον
611 3415 673 3503 μέν
696 3430 763 3483 τῶν
785 3419 979 3502 ὑπερβολῶν
1003 3416 1205 3501 ἐπαινοῦμεν

194 3523 248 3588 καὶ
276 3534 393 3610 χρῆναι
418 3526 552 3589 διώκειν
575 3525 700 3610 φαμέν,
729 3525 747 3607 ἡ
772 3522 808 3590 δὲ
832 3522 968 3610 δωριστὶ
990 3526 1116 3607 ταύτην
1139 3527 1204 3609 ἔχει

155 3633 256 3714 ωτην
283 3632 389 3715 φύσιν
411 3632 493 3716 πρὸς
514 3633 573 3707 τὰς
595 3633 697 3709 ἄλλος
719 3632 893 3717 ἁρμονίας,
919 3632 1069 3717 φανερὸν
1092 3630 1142 3696 ότι
1166 3632 1205 3695 τὰ

194 3733 313 3821 Δώρια
330 3734 410 3820 μέλη
429 3735 543 3821 πρέπει
563 3739 783 3803 παιδεύεσθαι
800 3742 925 3823 μᾶλλον
939 3749 1009 3813 τοῖς
1022 3736 1205 3824 νεωτέροις.
