2466 3870
69 132 85 153 ·’
108 78 234 201 12ss
308 204 311 208 ,
448 120 455 127 ·
520 90 734 223 maura

107 295 274 381 discipulis
301 294 445 358 rationes
468 292 712 377 sententiasque
734 290 904 375 tradidisse
924 292 1136 361 manifestum

106 407 165 469 est
200 398 469 465 mathematicum
490 419 567 464 eum
583 396 748 463 nominari
765 394 1135 490 (lambhur.167)iem

106 506 260 591 vidimus,
289 504 348 591 qui
374 509 486 571 autem
512 504 549 571 iu
574 502 781 571 wumaticis
806 524 883 571 eum
908 504 1067 593 referunt,
1097 506 1135 573 hi

106 632 215 678 errore
237 610 364 697 decepti
385 616 473 679 suut
508 613 546 679 iu
563 610 652 679 libro
670 610 802 699 quidem
819 632 918 699 quem
935 608 1135 681 lamblichus

106 718 146 784 de
169 720 334 785 communi
355 718 588 787 mathematica
608 718 746 787 scientia
766 718 907 807 scripsit,
929 740 956 785 e
970 719 1013 785 25
1030 714 1135 807 (apud

106 823 271 891 Villoison
293 827 403 895 anecd
420 824 455 895 11
477 850 509 916 p.
523 825 606 918 216)
633 826 715 895 haec
740 827 863 915 scripta
887 826 1041 917 munus:
1067 824 1134 893 δύο

106 930 137 998 δ’
164 931 235 1000 ἐστὶ
257 943 316 1021 τῆς
333 933 497 1023 Ἰταλικῆς
519 940 727 1025 φιλοσοφίας
748 936 838 1022 εἴδη,
864 930 1074 1023 καλουμένης
1094 928 1135 1001 δὲ

106 1044 358 1131 Πυθαγορικῆς·
394 1044 459 1111 δύο
482 1044 549 1129 γὰο
570 1038 616 1129 ἣν
637 1040 719 1129 νέον
741 1040 799 1111 καὶ
820 1052 891 1110 τῶν
912 1042 1133 1129 wercede-

105 1146 217 1234 pdvov
239 1151 357 1237 αὐτὴν,
379 1151 417 1219 οἱ
433 1147 498 1238 μὲν
514 1150 768 1237 dumnacum,
789 1150 827 1218 οἱ
841 1145 881 1217 di
897 1150 1134 1237 μαθηματικοί.

105 1258 236 1325 τούτων
253 1254 293 1324 δὲ
309 1260 347 1326 ot
361 1254 426 1345 μὲν
445 1254 736 1345 &recuperaret
754 1256 991 1343 ὡμολογοῦντο
1009 1260 1134 1323 Ποθα-

105 1366 234 1451 γόρειοι
262 1358 350 1430 εἶναι
377 1364 446 1432 ὑπὸ
470 1374 542 1431 τῶν
568 1362 704 1451 ἑτέρων,
733 1366 816 1441 τοὺς
842 1358 882 1429 δὲ
907 1367 1133 1449 μαθηματι-

104 1472 202 1547 κοὺς
232 1464 328 1537 οὗτοι
359 1468 423 1556 οὐχ
443 1470 670 1557 ὡμολόγουν,
700 1468 782 1535 οὔτε
810 1469 875 1554 τὴν
904 1470 1134 1555 πραγματείαν

105 1576 219 1643 αὐτῶν
241 1572 329 1644 εἶναι
348 1581 562 1665 Πυθαγόρου
584 1573 857 1645 ἀλλὰἾαᾶσοο.
890 1576 952 1643 τὸν
969 1570 1134 1643 etvm-

106 1700 169 1751 σον
192 1684 228 1749 ot
247 1680 310 1769 μὲν
332 1684 576 1770 Κροτωνιάτην
598 1681 717 1770 φασὶν,
744 1685 782 1751 οἱ
800 1680 841 1751 db
861 1686 1131 1751 Μοτααονιτνον.

105 1795 140 1856 et
156 1791 292 1876 exponit
308 1789 541 1880 Pythagoram,
563 1812 639 1857 oum
656 1790 693 1858 in
708 1788 841 1858 ltaliam
857 1790 1007 1877 venisset,
1028 1791 1133 1857 senio-

104 1920 155 1965 res
178 1899 338 1964 invenisse
360 1919 421 1965 neo
442 1903 539 1984 aptos
560 1900 619 1985 qui
635 1898 837 1965 mathemata
854 1898 1027 1984 discereut3
1049 1896 1133 1963 hisi

103 2010 274 2092 praecepte
301 2007 500 2091 accepissent
525 2027 593 2071 non
623 1998 749 2072 reddite
771 2007 910 2092 ratione,
937 2005 1030 2071 illum
1058 2026 1133 2070 eon·

103 2118 233 2180 tentum
269 2113 382 2200 fuisse,
418 2136 496 2179 nam
533 2119 566 2178 et
603 2136 718 2201 aegros
750 2115 876 2179 ratione
907 2135 975 2178 non
1006 2112 1133 2177 reddita

103 2224 247 2309 accipere
269 2223 469 2288 medicorum
491 2226 664 2307 praecepta
682 2225 716 2286 et
733 2222 834 2306 sequi.
871 2222 1002 2286 iuvenes
1020 2225 1131 2285 temen

101 2329 324 2419 Pythagoram
353 2330 443 2395 omni
471 2329 619 2395 doctriua
646 2329 814 2413 imbuisse,
847 2330 904 2414 qui
927 2329 987 2393 etsi
1010 2327 1130 2413 Pytha

102 2459 238 2526 goreum
255 2459 376 2503 nomen
394 2437 460 2502 illis
479 2437 699 2523 consederent,
717 2436 823 2502 multo
842 2440 952 2501 temen
965 2436 1129 2524 digniores

103 2566 171 2610 esse
193 2545 282 2630 ipsos
305 2567 372 2610 uon
390 2545 565 2632 ignorasse.
581 2582 623 2592 -
639 2545 703 2610 hoc
719 2544 822 2631 igitur
839 2544 912 2610 loco
931 2542 1131 2609 lamblichus

102 2674 176 2718 eum
200 2674 296 2738 quem
315 2652 379 2718 elio
397 2652 471 2718 loco
491 2651 541 2740 (in
559 2656 629 2717 erte
647 2651 747 2717 math
765 2650 844 2740 163)
863 2651 1130 2716 mathematicum

102 2760 197 2844 dixit,
225 2782 294 2827 non
320 2759 421 2826 fuisse
444 2760 677 2826 eeuameticum
701 2760 829 2825 disertis
851 2759 960 2824 verbis
983 2763 1130 2824 testetur.

101 2867 165 2933 hoe
187 2890 260 2933 cum
284 2868 406 2953 optime
430 2869 568 2954 quadret
590 2868 631 2933 ud
653 2890 704 2933 res
728 2867 768 2933 ab
793 2888 831 2933 eo
853 2872 975 2956 gestas,
1001 2871 1126 2932 contra-

101 2976 186 3041 rium
213 2997 289 3041 vero
316 2981 443 3064 pugnet
471 2999 544 3042 oum
572 2975 680 3062 factis,
707 2976 772 3041 hoc
798 2996 872 3041 vere
897 2996 965 3039 esse
988 2974 1126 3039 relatum

99 3083 302 3170 putabimus,
338 3088 377 3148 ut
412 3083 718 3150 mathematicorum
749 3083 806 3148 ille
836 3081 936 3147 fuerit
966 3082 1125 3167 princeps,

101 3196 135 3257 et
166 3212 272 3256 errare
304 3190 447 3258 dicemus
474 3189 705 3277 lemblichum,
737 3190 795 3255 ubi
823 3189 961 3255 alterum
987 3190 1126 3275 nuntiet,

102 3320 239 3386 cumque
266 3320 305 3364 eo
333 3320 440 3365 errare
467 3300 525 3385 qui
547 3297 700 3386 repetet.¹
724 3336 767 3346 —
791 3298 830 3363 de
857 3302 962 3364 aetate
987 3296 1126 3382 Hippasi

176 3539 189 3587 1
212 3532 325 3588 Mecum
345 3533 406 3588 atat
418 3530 522 3588 Nauck
534 3531 565 3588 iu
578 3531 705 3604 prolegg.
721 3530 759 3585 ed
773 3529 863 3585 vitam
877 3527 959 3598 Pyth.
975 3545 1002 3597 p.
1012 3526 1128 3582 LXVIII
