2466 3870
408 379 411 382 Α
462 272 469 282 ’
517 296 891 389 ΡτοοιοωιιιΧΙΧτ-ιι.
979 322 986 388 j
1032 311 1037 318 ·

195 473 257 530 τοῦ
281 472 408 530 σκοποῦ
430 471 570 550 μᾶλλον,
591 464 674 532 ὅταν
696 466 779 551 πρὸς
802 464 905 530 αύλὸν
928 462 949 546 ἢ
973 439 1089 549 λύραν·
1114 462 1151 527 τὸ

195 571 278 655 πρὸς
300 574 446 649 πολλοὺς
469 573 613 655 αὐλητὰς
635 570 656 653 ἢ
680 570 783 654 λύρας
805 571 929 644 πολλὰς
949 570 1010 653 οὐχ
1029 570 1137 652 ἥδιον,
1159 568 1177 633 ὃ

196 675 348 761 ἀφανίζει
371 679 433 761 τὴν
455 676 556 765 ᾠδήν.
580 676 662 739 alius
685 679 735 738 est
758 695 870 737 sensus
894 696 940 756 pr.
955 676 1007 738 43.

264 820 314 885 10.
347 821 415 884 Διά
437 821 485 900 τί,
512 819 544 882 εἰ
569 817 667 898 ἥδιον
692 814 713 897 ἡ
737 815 920 899 ἀνθρώπου
944 816 1056 898 φωνὴ,
1083 816 1104 897 ἡ
1128 819 1197 883 ἄνει

169 931 299 1009 ιλύρου
331 923 471 1010 ᾅδοντος
502 923 564 1006 οὐχ
596 921 702 1004 ἡδίων
730 920 836 1004 ἐστὶν,
868 912 941 987 οἷον
969 925 1207 1006 τερετιζόντων

196 1029 265 1096 ἀλλ’
290 1029 391 1105 αὐλὸς
413 1026 434 1109 ἢ
459 1027 557 1114 λύρα;
581 1027 602 1110 ἣ
625 1027 696 1092 οὐδ’
721 1027 820 1093 ἐκεῖνο
844 1027 902 1092 ἐὰν
920 1037 1065 1112 μιμῆται,
1088 1027 1212 1112 ὁμοίως

196 1137 275 1219 ἡδύ;
300 1172 341 1181 -
366 1133 416 1199 oe
440 1134 506 1218 μὴν
529 1132 613 1199 ἀλλὰ
636 1132 691 1199 καὶ
715 1135 831 1199 διὰτὸ
855 1136 953 1219 ἔργον
976 1135 1066 1199 αύτό.
1107 1131 1211 1218 ἡμὲν

196 1243 258 1325 γὰρ
296 1242 393 1325 φωνὴ
429 1240 535 1323 ἡδίων
572 1239 592 1322 ἡ
629 1250 690 1304 τοῦ
725 1239 924 1324 ἀνθρώπου,
960 1242 1140 1324 κρουστικὰ
1173 1241 1210 1306 δὲ

196 1353 323 1432 μᾶλλον
349 1348 389 1413 τὰ
416 1349 543 1432 ὄργανα
571 1355 632 1411 τοῦ
661 1349 829 1431 στόματος.
874 1347 926 1411 διὸ
953 1347 1049 1428 ἥδιον
1072 1348 1210 1430 κρούειν

160 1455 216 1538 nii
238 1457 421 1538 τερετίζειν.

264 1599 314 1662 ll.
343 1597 413 1660 Διὰ
429 1597 465 1659 τί
480 1594 500 1677 ἡ
519 1593 692 1678 ἄττηχοῦσα
711 1592 860 1676 ὀξυτέρα;
875 1631 917 1640 -
930 1591 977 1658 Ἢ
991 1593 1043 1659 ὅτι
1063 1597 1209 1678 ἔλαττον,

195 1700 418 1788 ἀσθενεστέρα
440 1699 615 1784 γινομένῃ
652 1700 691 1764 cf.
716 1699 760 1764 XI
785 1701 836 1764 20.

265 1917 282 1966 6
304 1909 396 1967 λκεῖνο
415 1926 481 2034 οφ,
505 1904 568 1964 ἐκεῖ
587 1910 681 1978 cedei,
706 1906 799 1977 ἐκείνη
819 1926 894 1979 prop.
915 1909 956 1978 Bj.
1030 1905 1080 1964 ἐὰν
1099 1932 1157 1980 μιμ.
1179 1911 1207 1966 C.

196 1979 245 2038 iss
268 1982 306 2051 μὴ
330 2001 388 2051 μιρ.
407 1980 433 2034 X
466 2024 472 2036 .
545 1982 697 2049 9κρούειν
717 1981 820 2036 Breuer
838 1981 884 2046 (de
903 1980 1022 2035 Panath.
1041 1982 1112 2036 thes.
1132 1989 1160 2050 4)
1179 1986 1209 2037 ct

196 2053 295 2126 nger.
332 2052 448 2106 ἀκούειν
468 2051 548 2107 codd.
568 2053 684 2106 ἀκούειν
704 2053 816 2119 κρούειν
836 2052 886 2106 uu.

197 2182 407 2192 ---

264 2249 308 2304 Ρῐ.
330 2253 371 2302 10.
401 2246 448 2314 „Si
471 2246 615 2300 hominum
640 2264 692 2301 vox
716 2247 863 2301 iucundior
885 2251 928 2301 est
951 2265 1036 2316 quam
1060 2246 1138 2316 lyrae
1164 2249 1206 2302 vel

195 2321 290 2387 tibiae,
305 2336 363 2386 cur,
377 2335 441 2371 cum
455 2317 518 2386 quis
530 2317 778 2372 instrumentorum
788 2319 936 2388 strepitum
946 2335 992 2373 ore
1003 2317 1138 2386 imitatur,
1154 2320 1206 2372 hoc

194 2410 248 2447 non
261 2387 412 2445 iucundius
427 2391 508 2442 sonat
522 2405 607 2457 quam
622 2389 685 2459 ipsa
699 2390 919 2443 instrumenta?¹‘
947 2393 1126 2458 τερετίσματα
1141 2395 1206 2443 sunt

194 2467 264 2520 asts
287 2459 440 2529 Hesychio:
465 2457 536 2530 ᾠδαὶ
559 2461 705 2529 ἀπατηλαί
723 2459 750 2528 (ἢ
771 2459 880 2534 ᾅσματα
906 2460 1003 2514 ἔκλυτα
1023 2460 1087 2515 add.
1109 2459 1205 2529 Suid.),

194 2535 226 2590 τὰ
253 2541 302 2602 τῆς
329 2529 453 2598 κιθάρας
475 2531 620 2599 κρούματα
644 2532 692 2584 καὶ
717 2533 750 2585 τὰ
774 2541 828 2585 τῶν
852 2534 980 2600 τεττίγων
1004 2529 1039 2585 ἅο
1080 2551 1114 2584 τα
1138 2533 1205 2599 (ἀπὸ

194 2611 354 2675 μεταφορᾶς
372 2610 421 2656 τοῦ
441 2597 561 2670 τέττιγος
580 2599 596 2669 ἦ
616 2610 664 2669 τῆς
679 2601 820 2671 χελιδόνος
835 2603 929 2671 Suis).
958 2552 1103 2670 τερέτύῖἔιν
1118 2601 1207 2673 igitur

194 2676 336 2801 nifnificat
354 2676 468 2728 cantum
488 2672 657 2740 cicadarum,
678 2673 778 2728 deinde
798 2674 918 2727 similem
937 2691 1035 2729 sonum
1053 2673 1102 2742 qui
1117 2673 1206 2728 oritur

193 2750 299 2818 pectre
323 2745 353 2798 in
375 2743 515 2798 citharam
539 2743 667 2798 adhibito
692 2747 892 2813 (Gezwitscher,
912 2746 1082 2814 Gctlirnper).
1121 2745 1205 2799 tertio

193 2823 288 2873 autem
315 2815 377 2870 loco
401 2814 621 2869 considerandus
646 2833 704 2871 mos
728 2816 788 2884 ille,
817 2833 872 2885 quo
896 2816 1065 2870 scholiastae
1089 2814 1204 2869 Pindari

194 2887 236 2945 OL
256 2895 273 2943 9
292 2888 417 2953 narrant,
440 2885 464 2939 si
482 2901 534 2938 nec
553 2886 731 2941 citharoedus
752 2905 802 2941 nec
821 2887 925 2941 tibicen
945 2888 1064 2954 adesset,
1085 2904 1169 2940 unum
1189 2905 1204 2940 e

194 2960 276 3015 sociis
296 2960 355 3028 (τὸν
376 2955 493 3025 ἔξαρχον
508 2956 578 3010 dicit
594 2956 666 3011 alter
681 2958 748 3025 sch.)
768 2958 900 3012 cecinisse
919 2958 1034 3025 τήνελλα
1053 2956 1203 3012 καλλίνικε.

212 3049 249 3086 ua
276 3031 311 3085 de
339 3045 368 3082 re
392 3030 422 3081 et
444 3028 530 3081 schol.
555 3028 697 3098 Aristoph.
722 3047 787 3083 aves
814 3035 881 3083 1764
904 3031 933 3083 τὸ
957 3028 1073 3096 τήνελλα
1092 3027 1204 3098 μίμησίς

193 3050 248 3157 zm
276 3108 374 3172 φωνῆς
401 3100 557 3167 κρούματος
598 3101 696 3169 αὐλοῦ]
726 3110 808 3161 ποιᾶς
836 3102 891 3154 ἀπὸ
916 3109 964 3154 τοῦ
989 3097 1141 3170 ἔφυμνίου,
1170 3097 1203 3154 οὗ

193 3171 270 3229 eluar
291 3170 443 3240 Ἀρχίλοχος
466 3168 505 3231 εἰς
523 3170 574 3237 τὴν
604 3171 733 3238 Ηρακλέα
758 3171 871 3238 (Archil.
892 3172 923 3225 sr.
944 3171 1101 3242 119831).
1138 3171 1203 3225 inde

192 3243 264 3316 ᾤδαλ
282 3243 428 3311 ὰκατηλαί
444 3244 509 3294 sunt
528 3241 581 3293 hae
600 3259 682 3296 voces
702 3246 846 3296 cantorum
865 3242 1002 3296 citharam
1021 3242 1202 3296 imitantium.

192 3318 228 3397 §Q
243 3312 261 3382 ἢ
275 3312 339 3370 οὐδ’
357 3309 460 3367 ἐκεῖνο
481 3329 517 3365 an
532 3328 593 3378 vox,
615 3313 663 3367 ubi
678 3315 862 3367 instrumenta
877 3314 1013 3382 imitatur,
1027 3332 1083 3367 non
1096 3313 1203 3384 pariter

192 3386 333 3441 iucunda?
406 3386 444 3451 (8)
468 3382 484 3450 ἡ
508 3382 559 3451 μὲν
583 3385 635 3452 γὰρ
655 3385 747 3452 φωνή·
772 3385 834 3454 ipsa
856 3385 968 3452 quidam
987 3402 1039 3439 vox
1059 3385 1202 3439 hominum

191 3456 315 3512 iucunda
338 3458 394 3522 est,
419 3454 468 3508 sed
493 3454 529 3508 ad
549 3457 706 3524 κρούματα,
730 3474 800 3524 quae
821 3456 933 3526 propria
952 3461 1016 3509 sunt
1036 3457 1201 3509 instrumen-

192 3532 292 3597 torum,
307 3530 497 3598 parumapta.
524 3534 572 3579 τοῦ
587 3545 662 3596 στομ,
679 3546 779 3596 „quam
795 3531 851 3581 0s“.
902 3528 945 3582 Pr.
962 3534 1002 3581 11.
1023 3527 1201 3595 ἡάπηχοῦσα

193 3616 229 3655 ιο.
244 3599 335 3668 φωνή.
365 3597 473 3651 duobus
487 3597 576 3665 probl.
596 3600 643 3665 (ΙΙ
659 3606 674 3652 6
694 3605 722 3653 et
737 3603 780 3664 20)
800 3599 1006 3652 demonstratur
1024 3616 1085 3666 vox,
1106 3599 1152 3651 ubi
1172 3599 1202 3651 in

192 3670 376 3742 longinquum
395 3667 517 3737 spatium
537 3668 596 3723 lata
612 3671 656 3739 sit,
677 3675 815 3741 postremo
832 3670 939 3723 acutior
953 3670 1049 3725 videri.
1079 3687 1112 3723 ac
1131 3687 1200 3737 „vox

956 3761 989 3814 ρ.
