2466 3870
560 326 827 417 eiusquelihrisw'
1048 412 1052 417 Ι
1114 324 1197 407 219·

228 488 297 556 Iam
325 512 386 580 age
413 473 655 561 consideremus
676 474 870 561 Nicomachi
895 490 1072 559 manuale
1097 488 1184 555 har·

161 598 362 667 monicum
399 622 465 686 quo
484 600 653 669 illcorsus
671 600 799 666 esocis
816 604 910 665 motu
926 598 969 689 (c.
982 598 1020 689 2)
1037 603 1072 667 ct
1088 618 1184 665 sono-

161 728 234 771 rum
261 709 381 773 natura
403 706 419 797 (
438 760 446 775 .
464 706 503 797 4)
524 708 630 792 lyram
654 704 866 771 recentiorem
892 710 967 771 octo
989 706 1183 773 chordarum

163 814 311 881 effectam
333 836 405 881 esse
426 818 540 879 namet
562 834 581 878 e
603 816 713 877 vetere
733 809 954 897 heptachordo
972 810 1014 898 (e.
1033 811 1080 899 5),
1102 834 1183 898 quae

160 922 206 989 sit
231 922 345 988 mundi
367 920 538 987 harmonia
569 916 611 1007 (c.
630 917 676 1007 3).
722 917 836 985 deinde
863 918 975 1005 refert,
998 940 1063 1005 quo
1086 920 1182 985 modo

163 1028 432 1116 symphoniarum
455 1025 599 1093 rationes
623 1026 774 1093 inventae
795 1027 864 1093 sint
885 1024 927 1114 (c.
940 1025 987 1115 6),
1008 1030 1043 1092 et
1065 1027 1182 1094 veteris

161 1136 365 1220 recentisque
395 1133 487 1218 lyrae
515 1136 634 1199 natura
664 1134 847 1199 amaratius
878 1134 1026 1218 exposita
1052 1132 1105 1222 (ἵ)
1132 1156 1184 1201 ex-

161 1244 265 1331 ponit,
287 1263 372 1329 quae
388 1240 484 1307 Plato
508 1241 548 1307 de
570 1241 839 1327 symphoniarum
860 1240 1020 1329 analogiis
1038 1241 1184 1309 docuerit

161 1347 222 1439 (8).
271 1369 347 1415 nam
379 1348 444 1415 hoc
479 1348 564 1415 scire
594 1348 736 1415 manius
761 1356 844 1435 puto
869 1350 1019 1415 interfuit
1045 1348 1184 1415 feminac

162 1456 264 1543 illius,
292 1456 347 1523 cui
373 1454 505 1522 libellus
528 1454 696 1522 dedicatus
719 1459 782 1542 est,
799 1494 846 1551 ,-
862 1456 1078 1543 explicstquc,
1106 1457 1184 1543 quid

162 1564 227 1631 iam
249 1562 419 1631 Philolaus
447 1564 488 1632 dc
509 1586 666 1631 sonorum
689 1564 817 1630 ratione
839 1564 998 1631 invenerit
1020 1562 1081 1653 (9).
1119 1586 1184 1631 cer·

161 1672 229 1737 tius
260 1672 374 1739 deinde
401 1673 587 1760 confirmat,
619 1676 821 1758 quantopere
847 1673 974 1738 numeri
999 1673 1182 1758 pertineant

158 1778 203 1845 ad
220 1799 376 1845 sonorum
393 1780 512 1846 seriem
530 1778 792 1846 constituendam
809 1776 884 1867 (10)
901 1783 999 1864 atque
1016 1784 1184 1846 caumont

163 1886 286 1952 diatoni
313 1888 442 1974 generis
466 1908 565 1954 sonos
589 1885 677 1975 (11),
705 1907 788 1971 quos
816 1889 996 1970 sequuntur
1017 1886 1090 1952 soni
1113 1886 1183 1953 reli·

164 2016 302 2080 quorum
325 2015 481 2082 generum
505 1991 587 2082 (12).
629 1994 714 2058 hanc
732 2014 793 2081 ego
812 2014 920 2058 rerum
938 1993 1182 2078 dispositionem

161 2101 291 2166 laudare
315 2122 382 2167 non
404 2123 548 2186 possum.
586 2122 645 2166 cur
667 2102 753 2166 inter
771 2102 877 2186 capita
895 2101 1014 2186 quibus
1033 2100 1072 2167 de
1090 2123 1183 2167 sono·

165 2231 236 2273 rum
259 2212 375 2273 natura
399 2210 468 2296 agit
492 2207 527 2296 (2
553 2211 586 2274 et
608 2208 654 2296 4),
677 2208 819 2274 inculcet
842 2208 931 2274 illam
954 2209 993 2273 dc
1015 2208 1182 2275 stellarum

162 2317 251 2380 sonis
279 2316 461 2381 doctrinam
484 2314 560 2403 (3)?
606 2337 664 2381 cur
690 2338 758 2381 non
781 2315 827 2381 ibi
850 2316 939 2380 addit
961 2337 1059 2381 sonos
1082 2319 1183 2382 conti-

162 2425 231 2487 neri
263 2444 472 2489 numerorum
504 2424 689 2488 rationibus
718 2421 806 2510 (10),
838 2425 874 2487 ut
903 2422 982 2487 iacit
1009 2422 1182 2489 Euclides?

163 2552 219 2594 cur
253 2533 304 2594 tot
341 2530 423 2594 locis
457 2529 536 2595 dicit
565 2531 604 2595 de
631 2533 740 2595 vetere
767 2528 986 2615 heptachordo
1014 2528 1059 2617 (3.
1083 2533 1112 2596 5.
1137 2529 1181 2618 Ἰ),

163 2641 214 2702 tot
241 2637 314 2702 aliis
343 2637 382 2702 de
409 2636 579 2704 hemonia
606 2660 665 2723 per
687 2637 910 2725 Pythagoreos
938 2641 1032 2703 aucta
1055 2636 1100 2725 (5.
1123 2637 1182 2727 9)‘2

163 2744 239 2830 quid
267 2748 316 2810 est
345 2747 433 2830 quod
462 2747 496 2810 in
518 2745 666 2811 Platonis
691 2745 849 2810 theoriam
872 2745 1093 2831 analogiarum
1116 2767 1141 2810 c.
1161 2747 1181 2813 8

163 2853 293 2939 insiliat,
317 2875 342 2918 c.
358 2856 378 2917 9
404 2853 568 2919 desultet?
591 2854 748 2938 diapason
770 2874 836 2918 non
859 2874 928 2918 esse
951 2874 1006 2917 sex
1030 2856 1182 2918 tonorum

162 2982 268 3025 nonne
299 2962 390 3046 prius
424 2961 594 3027 dicendum
629 2965 699 3025 erat
727 2983 824 3045 quam
851 2960 884 3024 in
912 2959 1027 3024 ultimo
1056 2960 1182 3045 capite?

163 3067 222 3131 hos
250 3067 338 3133 locos
368 3074 502 3155 apparet
531 3069 671 3154 pessime
695 3089 764 3133 esse
788 3067 972 3151 dispositos.
1013 3071 1046 3133 et
1068 3067 1182 3133 dubito

163 3175 246 3239 sitne
269 3175 348 3241 ordo
372 3199 481 3241 rerum
505 3180 678 3261 tantopere
697 3174 906 3260 perturbatus
926 3175 1050 3239 auctori
1070 3175 1133 3239 iter
1151 3178 1183 3239 ct

163 3284 294 3369 negotia
326 3285 494 3349 excusanti
527 3285 622 3349 facile
655 3282 892 3348 condonandus.
942 3282 1065 3348 accedit
1097 3282 1183 3367 quod

161 3389 241 3454 illud
263 3393 392 3477 προιὼν
416 3391 434 3457 ὁ
454 3395 553 3475 λόγος
572 3393 715 3475 δηλώσει
734 3412 765 3474 p.
780 3391 854 3475 243,
866 3407 897 3455 1‘1
918 3389 952 3454 in
970 3388 1057 3453 hunc
1076 3389 1182 3474 ipsum

160 3496 280 3563 librum
309 3498 438 3563 videtur
465 3498 681 3584 referendum,
709 3519 769 3563 nec
794 3500 903 3563 tamen
931 3518 982 3561 res
1005 3497 1183 3581 promissae

163 3607 326 3690 copiosius
351 3608 384 3671 iu
408 3607 460 3671 his
483 3606 612 3693 paginis
632 3609 847 3691 exponuntur.
889 3605 1101 3669 dubitandum
1125 3606 1183 3691 igi-

161 3718 224 3800 tur,
248 3718 358 3779 utrum
382 3714 423 3778 ab
448 3715 520 3798 ipso
542 3712 743 3779 Nicomacho
767 3712 845 3778 haec
869 3715 916 3778 ita
934 3713 1000 3778 sint
1018 3713 1183 3798 disposita,
