2466 3870
571 242 806 415 Proldgomeuat

181 448 283 517 tionis
313 404 460 517 musicus
491 472 519 519 c.
540 450 732 537 1-2'1pse
698 402 893 537 quoque
918 392 1052 537 recepit,
1082 448 1111 515 si
1138 470 1161 536 q

181 556 328 643 spurim
344 560 444 645 putat
458 558 604 645 priorem
618 556 718 623 huius
730 555 884 621 sectionis
896 556 1168 625 demonstratione

181 684 248 729 uon
279 662 387 733 liabeo
420 666 510 753 quod
541 662 722 729 defendam
767 662 929 728 contrarie
959 668 1068 729 nutem
1098 686 1177 733 res.

183 770 282 839 habet
300 773 336 839 in
354 772 421 839 alio
439 772 638 857 scriptorum
657 768 710 836 vel
728 770 876 837 codicum
894 770 1086 837 discrimine.
1121 770 1183 837 edd

182 882 267 947 enim
308 879 389 945 huic
424 876 473 943 Vl
507 879 634 965 protasi
670 876 848 945 Ptolemaei
884 878 1042 965 interpres
1076 900 1108 965 p.
1139 878 1196 945 27⁴.

184 988 402 1073 corollarium,
425 1006 492 1073 quo
515 986 550 1051 id
573 986 661 1073 quod
685 986 725 1051 de
748 986 868 1071 duplici
892 987 1017 1053 ratione
1039 987 1090 1053 vel
1113 986 1203 1053 inter·

184 1094 267 1161 sallo
290 1093 417 1160 dietum
440 1096 491 1159 est
513 1090 679 1181 (constare
697 1116 716 1159 e
734 1093 884 1159 moximis
902 1092 1081 1159 rationibus
1098 1114 1209 1179 super·

183 1200 450 1289 particularibus,
481 1198 516 1286 'A
536 1230 581 1255 ι-
594 1200 631 1286 ⁴l,
646 1236 653 1251 ·
667 1196 719 1287 Ἄ)
751 1200 792 1267 ub
824 1200 913 1265 omni
944 1198 1008 1267 alio
1035 1200 1206 1267 intervello

184 1314 217 1375 ct
232 1310 363 1375 ratione
380 1306 542 1375 excludet.
579 1328 655 1373 eum
673 1310 784 1374 tomen
801 1306 910 1373 thesin
922 1305 986 1373 XII
999 1308 1046 1373 ita
1058 1306 1210 1375 Euclides

184 1416 314 1505 probet,
342 1421 381 1483 ut
405 1418 479 1503 ipse
499 1414 642 1501 protasis
664 1413 713 1481 VI
735 1414 877 1481 sufficiat
899 1413 994 1503 (dicit
1015 1415 1101 1481 euim
1123 1414 1208 1483 scet-

186 1522 285 1612 ξαμεν
306 1524 347 1593 τὸ
368 1524 553 1591 διπλάσιον
571 1522 761 1609 διάστημα.
776 1572 785 1588 .
799 1572 807 1589 .
820 1526 1039 1609 συγκείμενον
1051 1544 1119 1589 non
1131 1523 1212 1589 dicit

185 1634 290 1717 pom
325 1631 366 1699 τὸ
399 1628 612 1719 διπλάσιον),
647 1631 910 1716 supplementum
945 1629 1027 1697 illud
1060 1631 1101 1696 ab
1138 1630 1209 1717 ipso

185 1736 321 1805 Euclide
348 1736 497 1805 sdditum
525 1760 596 1804 non
623 1737 765 1825 videtur,
792 1741 890 1825 etque
917 1738 1047 1827 ignorat
1068 1737 1210 1805 Boetius.

186 1846 308 1913 accedit
328 1846 418 1933 quod
435 1846 591 1913 Euclides
609 1846 649 1911 de
666 1844 839 1911 intervallo
858 1843 1084 1934 (διαστήματι)
1102 1846 1211 1913 dicens

186 1958 300 2021 neutro
332 1974 454 2043 genere
484 1955 535 2021 uti
567 1954 665 2039 solet,
698 1953 780 2019 illud
812 1976 887 2019 vero
920 1954 1125 2019 corollarium
1154 1955 1210 2040 qui

187 2062 370 2148 composuit
405 2083 510 2150 genus
545 2062 763 2128 masculinum
799 2063 893 2148 ponit
929 2059 1055 2149 (οὐδεὶς
1088 2068 1210 2130 πολλα·

186 2168 349 2259 sideros),
373 2171 452 2256 quie
475 2172 579 2254 λόγον
602 2170 765 2258 intellegit
788 2174 821 2235 et
844 2170 942 2235 audit.
979 2192 1043 2257 que
1065 2192 1099 2235 re
1121 2170 1210 2237 vides

186 2298 251 2342 uon
268 2276 441 2343 Euclidem
460 2277 540 2343 haec
559 2277 673 2363 dicere,
696 2278 753 2343 sed
771 2300 916 2344 severum
935 2277 1028 2343 illum
1046 2278 1209 2344 hominem

186 2384 241 2470 qui
272 2384 421 2451 Euclidis
458 2386 737 2474 neglegentiorem
769 2386 965 2452 locutionem
998 2386 1210 2471 reprehendet

187 2492 227 2558 ib.
246 2494 382 2578 26'1‚e1.

249 2598 361 2686 Ipsam
393 2600 498 2689 igitur
530 2601 664 2666 canonis
694 2601 883 2685 sectionem,
915 2600 1005 2666 cuius
1031 2599 1110 2667 XVI
1137 2624 1209 2688 pro·

186 2709 282 2775 tuscis
312 2708 495 2775 Ptolemaei
528 2708 584 2774 ille
616 2709 776 2792 interpres
808 2709 967 2795 agnoscit,
1002 2709 1041 2774 ab
1074 2709 1209 2776 Euclide

185 2817 339 2903 scriptum
368 2838 438 2882 esse
464 2814 670 2901 putabimus,
697 2815 754 2880 sed
781 2815 844 2880 alis
871 2838 983 2882 vereor
1007 2840 1047 2882 ne
1070 2818 1113 2883 sit
1136 2841 1209 2884 con·

185 2924 268 2991 dicio
286 2924 489 3010 prooemii.
523 2924 585 2988 hoo
603 2923 714 3010 egitur
733 2922 771 2987 de
790 2924 877 2988 sonis
896 2928 929 2988 et
947 2924 985 2989 de
999 2926 1208 3010 symphoniis.

185 3054 221 3099 sc
247 3032 287 3097 de
315 3030 405 3097 sonis
435 3030 565 3115 quidem
589 3052 672 3115 quae
696 3031 860 3117 dicrmtur,
888 3033 1055 3116 perspicuo
1077 3038 1153 3099 sunt
1176 3039 1209 3099 et

186 3140 266 3206 bene
302 3139 461 3223 expositu,
499 3142 536 3202 ut
572 3139 714 3221 suspicio
747 3160 814 3203 non
848 3141 979 3204 orietur
1033 3141 1088 3205 sed
1120 3141 1209 3207 eddit

185 3247 336 3313 Euclides
363 3268 520 3312 sonorum
548 3244 632 3333 (scil.
656 3246 823 3335 binorum)
848 3270 999 3313 numeros
1022 3252 1078 3313 eut
1101 3249 1208 3315 multi·

1089 3340 1205 3482 ιιι)

184 3373 262 3459 plici
293 3373 421 3439 retione
455 3372 558 3437 teneri
589 3337 629 3478 (ξ
625 3335 649 3475 -)
679 3378 736 3437 eut
763 3374 1044 3459 superparticulari
1074 3350 1187 3478 (——

185 3540 242 3601 Νι
279 3498 696 3641 811ΡΨΡΒΥἏΘΠἙῘ(π
624 3497 658 3564 4
674 3503 688 3550 ¹
705 3498 738 3566 ψ
753 3499 816 3639 m).
870 3536 982 3603 deinde
1014 3536 1208 3622 multiplices

185 3677 327 3745 rationes
365 3679 413 3743 sit
453 3682 487 3742 et
523 3679 833 3764 superparticulares
869 3682 1030 3747 communi
1068 3680 1211 3768 quodum
