2466 3870
121 86 148 176 'ss
442 89 462 163 Ϊ
482 105 654 161 Aristoteles.
680 107 715 162 A.
747 113 770 161 1.
790 77 828 161 2.-

128 270 165 338 δὲ
187 274 242 336 διὰ
261 272 456 355 βραδυτῆτα.
489 265 533 350 (p
547 263 643 350 420b)
661 264 716 329 καὶ
735 269 844 330 ἔοικεν
862 266 1031 350 ἀνάλογον
1049 272 1140 353 ἔχειν

127 387 172 465 τῷ
199 374 273 458 περὶ
301 375 361 453 τὴν
389 373 479 455 ἁφὴν
506 369 576 447 ὀξεῖ
600 368 654 433 καὶ
682 368 813 453 ἀμβλεῖ·
841 371 878 434 τὸ
906 368 967 454 μὲν
990 375 1054 456 γὰρ
1079 374 1139 452 ὀξὺ

128 474 201 546 οἷον
223 489 344 559 κεντεῖ,
371 478 408 540 τὸ
436 474 465 539 δ’
494 475 601 559 ἀμβλὺ
626 466 699 539 οἷον
722 472 809 539 ὠθεῖ
829 476 945 540 διὰτὸ
968 490 1077 542 κινεῖν
1101 482 1139 544 τὸ

126 583 186 669 μὲν
210 583 245 646 ἐν
270 583 380 669 ὀλίγῳ,
402 583 440 646 τὸ
464 577 500 646 δὲ
519 580 556 645 ἐν
574 587 696 669 πολλῷ,
720 580 804 647 ὥστε
822 583 999 665 συμβαίνει
1017 584 1056 648 τὸ
1076 581 1138 666 μὲν

93 709 107 755 9
127 691 222 771 ταχὺ,
245 690 281 752 τὸ
306 685 342 752 δὲ
365 688 473 774 βραδύ
497 683 591 752 εἶναι.
1168 719 1180 758 ⁵

192 793 275 878 Περὶ
316 791 377 878 μὲν
419 790 481 860 οὖν
521 799 635 880 ψόφου
671 797 774 883 ταύτῃ
816 796 1002 881 διωρίσθω·
1040 793 1062 877 ἡ
1102 791 1141 859 δὲ

126 903 234 986 φωνὴ
267 905 376 986 ψόφος
407 907 456 979 τίς
489 901 579 968 ἐστιν
611 902 773 987 ἐμψύχου·
806 912 874 968 τῶν
906 903 969 988 γὰρ
998 901 1141 986 ἀψύχων

126 1005 229 1073 οὐθὲν
262 1022 381 1093 φωνεῖ,
413 1008 496 1074 ἀλλὰ
523 1007 601 1074 καθ’
631 1008 808 1093 ὁμοιότητα
838 1008 966 1091 λέγεται
999 1020 1140 1093 φωνεῖν,

93 1150 103 1170 ·
127 1107 199 1180 οἷον
222 1117 322 1192 αὐλὸς
344 1115 399 1180 καὶ
424 1116 508 1198 λύρα
530 1114 585 1180 καὶ
610 1116 671 1180 ὅσα
694 1117 779 1180 όίλλα
804 1126 872 1179 τῶν
895 1114 1035 1198 ἀψύχων
1058 1115 1140 1181 ἀπό-

125 1240 221 1287 τασιν
259 1225 322 1306 ἔχει
354 1219 409 1286 καὶ
441 1220 538 1306 μέλος
569 1218 624 1285 καὶ
657 1221 842 1286 διάλεκτον·
874 1223 961 1285 ἔοικε
993 1221 1058 1304 γὰρ
1088 1221 1140 1285 ὅτι
1156 1252 1180 1291 10

126 1327 182 1392 καὶ
200 1328 219 1410 ἡ
240 1330 336 1412 φωνὴ
354 1327 444 1394 ταῦτ’
468 1331 544 1413 ἔχει,
563 1329 669 1392 πολλὰ
688 1323 725 1390 δὲ
743 1337 811 1391 τῶν
830 1323 924 1412 ζῴων
943 1325 1004 1390 οὐκ
1023 1328 1140 1409 ἔχουσι

126 1437 257 1519 φωνήν,
285 1425 358 1498 οἷον
385 1433 426 1498 τά
452 1455 488 1497 τε
514 1433 637 1516 ἄναιμα
663 1429 718 1495 καὶ
746 1440 814 1495 τῶν
842 1429 988 1513 ἐναίμων
1012 1431 1140 1514 ἰχθύες,

126 1538 180 1603 καὶ
212 1538 299 1604 τοῦτ’
333 1540 491 1621 εὐλόγως,
523 1543 613 1621 είπερ
643 1535 739 1621 ἀέρος
765 1539 895 1619 κίνησίς
922 1540 973 1612 τίς
1000 1535 1093 1601 ἐστιν
1121 1537 1139 1602 ὁ

93 1661 109 1709 0
127 1648 245 1727 ψόφος.
278 1642 344 1708 ἀλλ’
370 1644 406 1707 οί
421 1645 593 1726 λεγόμενοι
613 1654 750 1725 φωνεῖν,
770 1633 844 1707 οἷον
862 1641 899 1706 ἐν
917 1651 963 1729 τῷ
980 1640 1140 1731 Ἀχελῴῳ,

126 1759 274 1832 ψοφοῦσι
303 1760 371 1824 τοῖς
393 1751 565 1832 βραγχίοις
586 1748 607 1830 ἢ
631 1771 698 1812 τινι
722 1745 821 1835 ἕτίρφ
844 1748 996 1835 τοιούτω.
1040 1751 1140 1833 φωνὴ
1155 1779 1180 1820 ιε

126 1853 155 1919 δ’
187 1853 255 1918 ἐστὶ
283 1853 367 1942 ζῴου
396 1857 505 1938 ψόφος
531 1851 586 1918 καί
615 1854 654 1918 οὐ
678 1864 723 1941 τῷ
748 1858 882 1938 τυχόντι
905 1858 1021 1943 μορίῳ.
1064 1855 1134 1920 ἀλλ’

127 1959 196 2025 ἐπεὶ
223 1975 289 2025 πᾶν
316 1972 422 2044 ψοφεῖ
446 1962 626 2036 τύπτοντός
654 1985 744 2036 τινος
771 1964 829 2024 καί
853 1985 885 2026 τι
913 1959 968 2025 καὶ
997 1963 1035 2025 ἔν
1060 1986 1140 2044 τινι,

126 2077 224 2132 τοῦτο
245 2067 272 2131 δ’
295 2066 384 2131 ἐστὶν
399 2065 473 2152 ἀήρ,
494 2067 639 2149 εὐλόγως
657 2068 699 2131 ἂν
714 2070 844 2150 φωνοίη
859 2076 962 2131 ταῦτα
976 2071 1063 2151 μόνα
1078 2070 1140 2133 ὅσα

126 2173 251 2258 δέχεται
275 2177 333 2239 τὸν
356 2173 444 2258 ἀέρα.
481 2174 543 2256 ἤδη
567 2175 630 2259 γὰρ
653 2183 698 2260 τῷ
723 2173 957 2260 ἀναπνεομένφ
977 2186 1140 2258 καταχρῆ-

126 2305 179 2345 ται
203 2280 223 2362 ἡ
247 2282 349 2365 φύσις
372 2279 424 2345 ἐπὶ
448 2281 510 2344 δύο
534 2283 624 2362 ἔργα,
648 2280 799 2365 καθάπερ
823 2289 862 2364 τῃ
882 2281 1010 2365 γλώττῃ
1031 2281 1088 2345 ἐπί
1104 2307 1139 2346 τε
1154 2313 1179 2350 το

126 2388 186 2469 τὴν
209 2397 323 2469 γεῦσιν
346 2386 400 2451 καὶ
424 2388 484 2469 τὴν
507 2386 690 2469 διάλεκτον,
714 2379 762 2449 ὧν
784 2385 805 2468 ἡ
824 2383 884 2470 μὲν
904 2396 1018 2468 γεῦσις
1037 2388 1139 2471 ἀναγ-

126 2505 221 2557 καῖον
245 2492 311 2579 (διὸ
334 2492 389 2558 καὶ
412 2496 562 2558 πλείοσιν
583 2490 749 2578 ὑπάρχει),
772 2492 792 2574 ἡ
812 2491 843 2556 δ’
866 2491 1022 2577 ἑρμηνεία
1040 2493 1138 2558 ἕνεκα

127 2608 187 2663 τοῦ
211 2595 258 2683 εὖ,
277 2638 317 2646 —
339 2600 424 2664 οὕτω
448 2598 502 2663 καὶ
526 2607 570 2685 τῷ
594 2601 755 2683 πνεύματι
779 2602 861 2682 πρός
881 2623 916 2662 τε
935 2599 996 2680 τὴν
1015 2604 1138 2685 θερμό-

95 2724 107 2770 1
127 2730 206 2788 τῃτα
224 2707 284 2788 τὴν
303 2706 395 2782 ἐντὸς
413 2707 457 2781 ὡς
476 2706 666 2789 ἀναγκαῖον,
682 2757 689 2770 .
705 2757 711 2770 .
727 2756 733 2769 .
750 2704 804 2769 καί
825 2706 908 2789 πρὸς
926 2706 987 2787 τὴν
1008 2710 1138 2789 φωνήν,

128 2812 214 2888 ὅπως
240 2812 369 2898 ὑπάρχῃ
396 2813 432 2877 τὸ
461 2807 507 2877 εὖ.
552 2814 696 2895 ὄργανον
725 2809 761 2876 δὲ
789 2809 836 2898 τῃ]
854 2811 1005 2896 ἄναπνοῃ
1030 2812 1047 2876 ὁ
1073 2816 1137 2896 φοί·
1153 2843 1179 2881 25

127 2917 221 3003 ρνγξ·
244 2913 284 2982 οὗ
308 2917 338 2982 ὃ)
361 2918 456 2983 ἕνεκα
478 2916 532 2983 καὶ
551 2920 588 2984 τὸ
606 2923 725 3003 μόριόν
745 2919 813 2983 ἐστι
833 2927 943 3000 τοῦτο,
963 2920 1136 3003 πλεύμων·

199 3116 214 3162 9
233 3110 370 3163 ἀπότασιν
389 3110 423 3164 cf.
437 3109 512 3164 infra
529 3110 595 3164 hist.
611 3111 695 3165 anim.
707 3111 731 3162 V
743 3116 818 3179 14‚4.
848 3109 995 3178 probabile
1012 3114 1056 3164 est
1069 3112 1138 3166 ἀπό-

130 3199 209 3234 τασιν
228 3184 362 3248 tanquam
379 3198 467 3250 genus
487 3182 635 3250 complecti
645 3182 771 3235 ἐπίτασιν
791 3184 820 3234 ελ
834 3181 938 3235 ἄνεσιν.
967 3181 1137 3236 Trendelen·

127 3252 200 3321 burg
217 3252 254 3305 ad
272 3251 345 3304 hune
363 3251 463 3306 locum.
536 3259 569 3305 10
589 3251 742 3313 διάλεκτος·
764 3253 780 3321 ἡ
800 3260 848 3320 τῆς
867 3260 963 3320 φωνῆς
982 3261 1014 3322 τῇ
1034 3256 1138 3325 γλώττῃ

128 3323 297 3392 ὃιάρθρωσις
315 3321 379 3376 hist.
400 3323 484 3376 anim.
503 3323 541 3375 IV
555 3330 579 3388 9,
597 3332 619 3377 1.
652 3322 723 3376 Graf
740 3322 774 3376 de
793 3323 962 3378 Graecorum
981 3340 1011 3377 re
1031 3325 1139 3378 musica

127 3394 272 3464 (Marburg
286 3397 363 3460 1889)
378 3411 405 3462 p.
417 3399 491 3446 14ss.
518 3393 663 3447 Guhrauer
678 3394 731 3446 Zur
745 3393 836 3465 Frage
855 3396 904 3449 der
917 3395 1138 3465 Mehrstimrnig-

127 3465 187 3520 keit
197 3463 315 3536 (Gratul.
330 3463 414 3516 Ηειλτ
428 3469 503 3519 1888.
514 3463 619 3534 Berlin)
633 3469 692 3516 187.
743 3472 777 3518 ‘25
792 3466 901 3536 φάρυγξ
917 3466 1024 3534 larynr.
1036 3466 1136 3521 Trend.
