2466 3870
86 123 171 251 {dd
489 116 729 235 *HLEuclidec'
1060 188 1067 195 ·

99 347 248 433 pratatus
269 362 339 407 esse
362 338 480 405 dicitur
501 360 522 403 a
541 336 722 405 Ptolemaei
742 336 919 405 scholiasta
939 342 1006 409 27'1
1029 336 1122 431 (ante

100 448 212 536 med.):
240 449 357 531 ἔλεγον
384 442 423 513 δὲ
444 447 481 513 ot
499 442 577 532 περὶ
598 445 659 512 τὸν
676 442 842 530 Ἀρχύταν
863 442 940 525 ἑνὸς
960 450 1122 533 φθόγγου

101 559 259 640 γίνεσθαι
281 555 365 621 κατὰ
386 552 447 631 τὰς
466 554 667 641 συμφωνίας
686 551 751 636 τὴν
771 548 953 637 ἀντίληψιν
968 560 1011 639 τῇ
1028 552 1125 641 ἀκοῇ.

101 681 184 747 quae
206 681 361 727 sonorum
379 660 487 727 unitas
504 682 580 727 cum
596 658 750 727 aliterue
765 654 949 725 miscendo¹
965 658 1039 725 fieri
1054 680 1125 727 non

100 767 213 853 possit,
236 767 321 835 idem
343 766 506 856 Archytae
527 766 751 837 commendere
772 764 915 853 videtur,
938 764 1029 853 quod
1049 762 1125 833 Ari-

101 874 235 941 stoteles
253 879 288 941 ct
305 897 416 944 omnes
433 876 556 965 posteri
574 872 793 963 acceperunt',
809 896 850 943 ac
866 872 919 943 rel
932 872 1124 941 Aristoxeni

101 981 253 1068 discipuli
282 984 504 1071 repetiverunt
528 982 655 1075 (Cleon.
671 981 720 1073 4).
767 982 826 1051 scd
854 986 932 1051 ante
956 980 1124 1069 Archytae

101 1095 241 1158 aetatem
263 1091 344 1161 haec
364 1091 510 1160 definitio
531 1114 601 1159 non
621 1090 751 1159 videtur
771 1092 943 1159 antitiece

168 1196 284 1265 Verius
320 1198 483 1266 dochinus
517 1202 635 1285 quarto
671 1198 803 1265 demum
837 1196 966 1266 saeculo
1002 1218 1032 1265 a
1055 1194 1125 1285 (lh,

101 1302 265 1390 Archytae
292 1303 406 1371 diebus
429 1303 560 1371 Graecis
585 1308 683 1371 noles
709 1304 810 1371 fuine
835 1304 995 1391 videmus,
1022 1304 1125 1371 etiam

100 1412 137 1478 in
150 1409 373 1499 analogiarum
386 1412 438 1479 vel
449 1410 662 1478 medietatum
670 1410 806 1477 illarum
819 1410 1006 1501 cognitione
1017 1410 1125 1497 philo-

103 1516 225 1602 sophus
251 1517 446 1584 'ferentinus
475 1518 550 1604 plue
581 1540 681 1605 quem
710 1518 812 1585 semel
841 1514 1057 1605 nominetur⁸,
1088 1519 1124 1585 in

102 1625 285 1692 rationibus
307 1625 491 1693 dividundie
512 1624 567 1693 hic
588 1626 654 1693 iam
676 1624 839 1693 intellexit
854 1624 1125 1713 superparticula-

103 1732 195 1799 ribus
217 1732 359 1801 medium
381 1734 557 1800 terminum
577 1754 645 1800 non
666 1732 890 1821 intercedere‘,
912 1738 1024 1801 tumen
1044 1733 1125 1821 quid

101 1840 157 1907 ille
184 1841 328 1926 μάλιστα
353 1852 423 1909 τῶν
444 1845 695 1928 Πυθαγορείων
722 1838 935 1929 mulctato
959 1851 1125 1927 μουσικῆς

101 1945 377 2037 (Pt0h110.13)
404 1949 527 2034 primus
550 1950 744 2038 cogitaverit
765 1952 799 2015 et
820 1948 980 2036 docuerit,
1007 1971 1124 2034 perum

100 2055 260 2122 novimus.
306 2054 345 2121 de
372 2056 573 2141 symphoniis
599 2057 729 2142 quidem
753 2060 877 2122 certum
899 2057 1124 2122 testimonium

101 2186 169 2231 non
196 2164 318 2251 obstet,
346 2164 426 2250 quin
451 2165 579 2230 misceri
605 2186 703 2229 sonos
731 2163 818 2229 hunc
840 2164 981 2248 primum
1005 2164 1124 2230 dixisse

101 2276 266 2359 putemus3
301 2272 498 2355 celeritatem
529 2292 684 2337 sonorum
717 2275 883 2337 auctorem
915 2272 1058 2356 primum
1090 2294 1124 2337 se

103 2380 279 2445 ostendisse
311 2381 379 2464 ipse
409 2381 521 2467 neget,
553 2380 581 2445 si
614 2380 793 2468 genuinum
825 2384 875 2445 est
903 2379 1124 2467 fragmentum

102 2485 193 2572 illud7
216 2487 304 2572 quod
325 2487 421 2553 nobis
443 2486 527 2552 tradi
551 2509 612 2575 ego
635 2509 703 2552 non
724 2486 859 2575 gaudeo.

169 2593 449 2682 Pythagoreorum
475 2594 583 2660 studia
609 2596 666 2681 qui
694 2595 888 2680 considerat,
915 2595 944 2661 ie
971 2617 1125 2681 quaerere

105 2720 320 2730 ———

176 2796 190 2843 1
215 2789 351 2852 Aelianus
374 2788 486 2862 (Porph.
505 2792 568 2860 2⁷0)
591 2789 808 2845 consonantium
830 2790 902 2846 dicit
923 2791 1007 2846 doctr
1030 2790 1125 2861 oedy-

104 2878 168 2930 yow
190 2861 264 2916 κατὰ
286 2863 318 2918 τὸ
342 2863 411 2918 αὐτὸ
434 2870 540 2917 πτῶσιν
561 2861 611 2916 καὶ
628 2869 743 2932 κρᾶσιν,
766 2861 802 2919 cf.
821 2879 895 2933 quae
913 2861 991 2918 idem
1009 2862 1126 2935 exponit

79 2963 81 2969 .
104 2949 133 3004 p.
148 2936 209 2988 21⁷.
229 2935 259 2988 et
276 2933 351 2990 Sext.
370 2933 451 3005 Emp.
469 2951 540 2989 mus.
559 2938 604 2990 44.

176 3008 192 3057 2
213 3003 253 3060 cf.
267 3004 430 3061 Aristotelis
447 3003 525 3061 locos
543 3021 630 3075 supra
644 3024 671 3076 p.
685 3010 728 3060 18.
743 3011 778 3060 20
793 3005 935 3075 collectos,
953 3004 1046 3077 probl
1060 3005 1127 3061 XIX

104 3079 197 3144 tw,
211 3074 358 3133 Euclidem
372 3076 403 3132 in
415 3076 519 3132 intr-od.
529 3076 673 3145 sectionis,
687 3076 776 3132 etiem
784 3077 934 3134 Platonem
942 3076 974 3133 in
981 3077 1030 3150 leg
1052 3078 1125 3148 .119,

103 3146 222 3202 Adrasti
238 3147 409 3219 Aelianique
425 3148 503 3205 locos
520 3148 605 3204 modo
624 3147 767 3205 laudatos.
793 3149 897 3206 Bacch
914 3154 956 3207 10.
974 3149 1022 3206 Ar.
1083 3194 1089 3206 .
1104 3150 1127 3207 1.

105 3236 133 3291 p.
144 3223 187 3273 12.
201 3218 292 3276 (laud.
302 3225 328 3276 8.
339 3252 372 3262 -
383 3220 418 3275 de
432 3219 492 3275 elia
504 3219 669 3276 definitione
682 3220 749 3277 vide
759 3220 822 3294 prol
860 3223 916 3279 ,ed
925 3220 1125 3295 Gaudentium.

185 3296 202 3345 8
230 3292 285 3348 Sex
306 3291 455 3364 analogias
476 3289 590 3347 novisse
613 3292 718 3348 dicitur
740 3309 758 3348 a
780 3294 840 3349 Iam
861 3292 936 3350 licho
958 3293 990 3350 in
1012 3295 1126 3353 arithm.

106 3366 194 3444 plte
205 3366 235 3419 et
244 3370 296 3419 163
305 3364 374 3420 Ten.
401 3364 432 3419 in
444 3363 604 3435 fingmento
617 3366 714 3420 tamen
728 3364 805 3436 apud
815 3365 1063 3438 Ps-Porphyrium
1073 3375 1124 3424 267

103 3450 165 3504 rpse
183 3438 331 3491 enumerat
348 3435 497 3508 unelogias
515 3437 581 3491 trae.

176 3512 195 3561 4
221 3506 369 3564 Sententia
400 3507 437 3564 ab
459 3505 578 3563 Euclide
606 3506 802 3564 demonstrate
827 3508 860 3564 in
885 3509 1040 3581 protasi}
1067 3512 1128 3568 iem

97 3580 175 3636 note
193 3583 255 3635 eret
272 3581 422 3650 Archytae.
458 3578 574 3635 Boetius
593 3596 663 3634 mua.
682 3579 780 3638 11111.

906 3822 987 3838 *—
