2466 3870
360 274 787 373 senonensem-⁷.
1070 315 1110 380 81

104 438 258 555 novem
278 432 379 541 codro
400 426 525 555 ψεῦδος
543 474 746 564 (ἀμφοτέρας
763 480 826 563 γὰρ
844 478 1030 562 κατέλιπον,
1052 478 1113 561 τὴν

103 570 143 640 di
168 579 285 663 τρίςην
312 578 481 668 ἐξύρων),
512 581 534 664 ἣ
561 583 616 659 οὕς
640 619 684 629 -
705 582 791 648 Ἀλλ’
823 585 874 649 ὅτι
900 586 921 668 ἡ
949 583 1114 671 βαρυτέρα

177 777 201 824 1.
229 771 427 842 antiquiorima
453 770 516 840 lyra
541 775 649 842 septem
671 788 817 827 nervorum
840 773 941 828 habuit
963 776 1114 830 coniuncta

105 841 291 912 (συνημμένα)
308 840 501 898 temnenda:

104 930 152 998 (1.)
170 929 275 1000 hypate
284 933 422 1000 parypate
450 927 577 984 lichanon
605 946 693 985 mene
707 947 852 1013 paramese
884 938 1018 1004 paranete
1049 939 1114 990 nete

246 1095 261 1132 ο
342 1079 357 1132 s
505 1098 524 1150 g
670 1000 841 1136 avelim
933 1084 959 1137 c'
1060 1081 1090 1138 d'

227 1158 278 1230 mi,
335 1158 376 1231 fa,
489 1159 542 1232 eol¹
656 1161 697 1233 la,
754 1158 804 1233 sib¹
922 1164 968 1236 do,
1052 1181 1102 1237 re,.

106 1244 177 1300 hanc
195 1245 332 1302 describit
348 1246 536 1302 Nicomachus
555 1248 643 1304 hm.
662 1266 686 1304 c.
701 1253 725 1303 3.

174 1339 200 1390 2.
228 1352 293 1390 cnm
319 1352 384 1391 vero
410 1336 571 1407 Terpander
596 1335 675 1407 lyrae
702 1335 826 1392 dedisset
853 1341 936 1394 neten
959 1340 1113 1396 acutiorem

105 1405 142 1471 (e'
153 1430 188 1452 -
202 1406 274 1480 nri),
292 1405 347 1462 hae
365 1405 452 1461 fuieae
470 1407 603 1462 videntur
619 1407 752 1463 chordae:

105 1494 151 1561 (2.)
168 1492 275 1565 hypate
284 1499 421 1566 parypate
443 1494 570 1551 lichanon
589 1513 677 1552 mene
736 1513 880 1580 paramese
896 1502 1030 1568 paranete
1048 1504 1112 1555 nete

245 1662 261 1701 ο
342 1647 356 1702 f
494 1665 513 1717 g
620 1662 638 1702 a
745 1567 870 1701 v‘merim
942 1650 972 1703 d'
1065 1651 1092 1705 e'

227 1726 278 1799 nri,
329 1726 371 1799 fa,
481 1727 533 1800 eol¹
607 1728 648 1800 la,
792 1728 839 1800 do,
936 1747 975 1802 re,
1051 1731 1110 1803 mi,.

106 1812 184 1881 (haec
202 1815 318 1884 quidem
337 1818 400 1870 erat
416 1814 572 1885 Terpandri
590 1814 659 1884 lyra,
679 1816 703 1869 ei
717 1832 783 1870 vera
796 1816 867 1870 dicit
881 1817 1066 1872 Nicomachus
1082 1827 1110 1874 5:

107 1886 279 1957 Πυθαγόρας
289 1885 396 1956 aeaoeve'
439 1906 487 1940 κεν
498 1885 599 1954 ὄγδοόν
610 1907 673 1941 τινα
683 1888 811 1956 φθόγγον
820 1887 859 1957 th)
868 1891 970 1957 μεταξὺ
980 1888 1063 1960 μέσης
1072 1893 1111 1960 (a)

106 1956 152 2009 wi
169 1957 333 2027 xenocratem
350 1959 401 2027 (c')
435 1957 538 2024 νάψας.
567 1957 660 2028 potuit
673 1957 787 2026 quidem
800 1958 842 2011 uti
857 1961 887 2012 et
902 1958 991 2014 forma
1005 1959 1110 2029 tertia.)

106 2046 367 2170 ternioniiissm
391 2052 486 2102 autem
508 2064 573 2100 usus
593 2063 652 2100 esse
671 2046 774 2100 dicitur
790 2049 819 2116 (a
837 2046 897 2100 Nic.
914 2053 941 2116 9)
960 2048 1013 2102 hac
1033 2049 1110 2118 lyrae

105 2206 151 2274 (³.)
169 2161 274 2274 hypate
282 2211 421 2277 parypate
444 2207 570 2261 lichanos
595 2223 681 2261 meae
699 2222 844 2332 pepegnrrieze
893 2213 1027 2277 paranete
1046 2214 1110 2264 nete

244 2371 260 2410 ο
341 2357 355 2410 f
495 2376 514 2428 g
631 2372 649 2412 a
701 2294 764 2411 ,veh
951 2359 980 2412 d'
1065 2360 1092 2415 e'

227 2437 277 2510 mi¹
329 2437 370 2510 fa,
479 2438 532 2510 nol,
616 2438 656 2510 la,
739 2437 773 2509 ei,
945 2455 983 2510 re,
1050 2439 1108 2512 mi,.

105 2526 133 2578 et
150 2524 275 2594 profecto
293 2525 478 2596 Pythagoreis
497 2526 626 2581 omnibue
645 2543 714 2596 opue
733 2529 794 2580 erat
812 2542 880 2580 sono
898 2527 916 2580 t
930 2553 962 2572 =
978 2527 1011 2582 si.

173 2619 197 2668 4.
217 2614 321 2669 Secuta
334 2618 379 2669 eet
391 2613 453 2684 lyra
467 2615 659 2681 octaehordoe‚
674 2630 730 2684 qua
743 2613 772 2668 hi
785 2612 966 2685 Peripatetici
980 2618 1108 2671 utuntur:

105 2702 403 2773 (t.)hypateparypate
419 2703 545 2758 lichanos
560 2719 648 2757 meae
662 2719 806 2773 paramese
816 2703 882 2758 trite
897 2707 1030 2773 paranete
1045 2707 1108 2759 nete

231 2800 245 2837 ο
318 2783 333 2837 f
466 2802 486 2854 g
589 2799 607 2839 a
769 2783 787 2836 h
820 2782 846 2835 c'
955 2784 985 2836 d‘
1061 2786 1089 2839 e'

208 2863 259 2936 mi,
310 2864 350 2936 fa,
452 2864 505 2936 sol¹
575 2864 616 2935 la¹
757 2863 851 2934 eido,
948 2880 987 2936 re³
1047 2866 1106 2937 mi,.

104 2954 185 3008 venia
213 2959 308 3010 autern
334 2955 466 3010 habenda
484 2955 671 3026 Peripatetico
694 2953 742 3023 qui
765 2953 861 3008 ordine
886 2971 975 3008 rerum
998 2953 1108 3008 inverso

103 3028 204 3094 (neque
228 3027 303 3080 enim
326 3044 360 3082 ex
384 3033 445 3082 octo
469 3027 561 3081 nervis
581 3030 687 3096 septem
705 3025 798 3079 factae
817 3028 892 3094 sunt)
914 3024 1035 3093 quaerit,
1059 3041 1109 3078 cur

103 3099 215 3152 remota
238 3097 301 3166 lyra
318 3102 357 3166 (1)
381 3103 445 3153 nete
463 3101 513 3168 (mi
532 3096 576 3152 vel
595 3102 617 3165 c)
636 3095 763 3152 caruerit.
801 3096 849 3164 qui
868 3112 933 3150 vero
952 3095 1107 3165 respondet,

102 3167 301 3238 ieTerpandri
319 3166 410 3238 lyram
429 3172 467 3240 (2)
485 3169 647 3224 reeordatus
666 3167 806 3238 improbat
824 3166 1023 3235 quaestionem,
1045 3184 1108 3220 cum

102 3238 173 3294 dieit
195 3243 282 3294 neten
301 3242 362 3308 (mi)
382 3243 532 3308 retentem,
556 3239 641 3294 triten
660 3243 781 3293 veterem
799 3239 859 3307 (ei'J)
878 3237 994 3293 eiectam
1012 3236 1106 3292 fuisse.

172 3312 210 3379 (2)
228 3308 290 3365 ἀλλ’
311 3309 366 3366 tu·
386 3311 459 3366 alius
481 3311 581 3366 deinde
601 3314 629 3365 et
646 3309 808 3380 prudentior
825 3309 908 3364 homo
927 3312 1042 3377 accepta
1056 3307 1107 3362 illa

102 3381 267 3449 quaestione
291 3381 373 3437 affert
394 3399 509 3438 caueam
532 3382 609 3437 faeti.
635 3412 666 3422 -
689 3381 707 3450 ἡ
731 3378 869 3452 βαρυτέρα
889 3379 976 3448 ἰσχύει
993 3379 1042 3433 τὸν
1060 3386 1108 3447 τῆς

101 3451 141 3518 ὀξ.
161 3456 214 3520 φθ.
234 3470 355 3523 namque
375 3449 405 3508 ἕν
424 3454 593 3522 ἀντιφώνοις
611 3451 659 3506 καὶ
677 3451 727 3521 τὴν
746 3446 843 3519 ἑτέραν
863 3447 913 3505 ἐάν
931 3471 971 3512 τις
988 3447 1054 3521 ἅδῃ,
1076 3451 1107 3504 τὸ

102 3524 171 3578 αὐτὸ
189 3531 269 3579 ποιεῖ
283 3528 336 3594 (pr.
355 3529 397 3595 18)
422 3528 451 3578 et
473 3525 530 3579 ἀπὸ
553 3532 602 3593 τῆς
619 3523 726 3590 ὑπάτης
744 3521 778 3590 (ei
793 3538 808 3576 e
822 3521 883 3591 lyra
897 3521 980 3574 datur
992 3504 1107 3591 irypete)

101 3594 153 3661 zer
175 3594 263 3664 νήτην
284 3616 326 3657 τις
344 3596 464 3650 δύναται
482 3595 563 3669 ᾄδειν
582 3599 626 3663 (42
645 3594 679 3648 cf.
696 3596 746 3663 14).
783 3593 901 3663 hypates
920 3592 1005 3663 igitur
1024 3608 1106 3646 aoaue

102 3663 160 3719 iere
178 3665 254 3721 idem
271 3667 350 3721 valet
368 3670 453 3736 atque
471 3670 563 3734 netes;
582 3666 650 3735 quid
669 3665 743 3734 quod
763 3665 834 3719 duae
852 3668 935 3719 netae
954 3665 983 3719 in
1001 3664 1108 3734 hypata

155 3763 213 3806 Huc.
228 3767 307 3815 rcript.
321 3767 355 3807 od,
370 3768 429 3808 Jan.
883 3761 901 3813 i>
