2466 3870
102 83 187 164 XLlV
377 67 439 163 .De¹
453 78 597 162 codicibus
610 77 821 174 manuscriptis.

67 273 202 338 ilinsunt
228 279 346 352 praeter
367 273 540 334 Nicomachi
565 274 595 328 et
617 271 782 343 Diophanti
806 274 885 328 artes
909 270 1111 329 arithmeticas

103 365 211 423 Zosimi
239 353 418 443 (cleonidis)
447 361 569 434 isagoge
601 360 635 413 et
659 356 791 413 Euclidis
824 360 923 416 sectio.
974 359 1112 433 Ζωσόμου

103 457 202 510 autem
235 470 341 508 nomen
370 447 493 518 antiqua
522 446 557 500 ut
583 444 701 499 videtur
728 445 826 500 aetate
854 447 998 519 scriptum
1025 447 1112 505 facile

103 541 228 614 apparet
254 539 285 592 in
311 534 400 591 titulo
423 532 552 605 positum
577 548 638 588 esse
662 549 696 586 ex
720 530 935 605 subscriptione
958 532 1012 589 illa
1034 535 1112 592 Mar-

103 627 180 685 ciani
217 622 352 696 Ζώσιμος
390 618 524 696 διώρθου
559 615 592 677 ἕν
628 617 940 678 Κωνσταντινουπόλει
976 618 1112 697 εὐτυχῶς.

103 706 202 793 (addit
243 712 342 765 autem
383 708 527 767 recentior
563 707 698 783 quidam,
734 707 859 766 fortasse
901 706 1113 766 Constantinus

104 798 251 856 Lascaris:
283 794 349 876 περὶ
380 789 565 880 ἁρμονικῆς).
621 817 656 856 ex
689 798 849 873 archetypo
882 798 976 875 igitur
1007 797 1113 855 tibulus

105 886 197 944 libelli
225 886 343 944 videtur
370 887 486 945 afuisse.
532 887 563 944 in
590 887 657 962 ipsa
684 890 784 945 autem
809 888 935 964 isagoga
957 906 984 962 p.
1007 889 1113 960 179,a

105 995 170 1034 cum
198 975 308 1033 habeat
333 975 416 1047 τάξιν
443 983 501 1034 τῶν
523 972 722 1054 συγκειμένων
746 973 826 1053 ἔχον,
855 976 1023 1050 conspirare
1047 995 1114 1032 eum

105 1065 190 1123 video
217 1084 284 1123 cum
312 1063 358 1121 W.
431 1063 508 1121 idem
535 1063 624 1121 finem
651 1063 726 1120 facit
751 1063 889 1141 isagoges
916 1083 987 1122 voce
1010 1071 1115 1140 φωνῆς

105 1174 132 1229 p.
156 1156 228 1227 207,
249 1165 272 1225 7,
309 1155 344 1208 ut
380 1151 475 1209 facere
513 1151 621 1210 dicitur
646 1150 715 1208 Vat.
745 1153 827 1209 1341
867 1155 898 1209 et
934 1151 1006 1209 olim
1042 1152 1113 1211 fecit

105 1242 193 1299 Marc.
240 1240 392 1315 appictum
420 1242 465 1297 cst
491 1242 608 1315 postea,
636 1238 708 1314 quid
736 1239 777 1297 sit
799 1240 985 1317 diagramma
1007 1242 1038 1298 et
1060 1240 1112 1315 dy-

106 1329 214 1401 namis,
241 1328 351 1385 inserto
379 1327 469 1386 titulo
492 1325 653 1407 εἰσαγωγῆς
675 1324 821 1407 ἁρμονικὴ
844 1326 1012 1403 adalaidae,
1035 1328 1115 1385 simi-

106 1417 175 1474 liter
197 1434 231 1474 ao
254 1416 397 1491 scriptum
420 1416 552 1474 videmus
574 1417 606 1474 in
624 1416 714 1474 Marc.
754 1417 811 1474 hac
829 1419 930 1473 tamen
948 1435 980 1472 re
999 1415 1116 1473 differre

107 1505 151 1562 ait
182 1504 285 1562 Ruelle
318 1504 404 1561 Matr.
437 1504 567 1564 codicem
599 1522 618 1562 a
649 1503 753 1576 Marc,
790 1504 869 1578 quod
902 1503 997 1560 multo
1030 1502 1117 1578 plura

107 1587 164 1673 (50
194 1592 253 1650 sere
283 1593 389 1664 lineas,
422 1592 525 1667 quales
552 1594 622 1650 sunt
649 1593 728 1666 apud
751 1584 853 1670 Meib.)
881 1592 929 1650 hic
957 1592 1116 1649 contineat.

107 1682 231 1754 denique
250 1683 282 1737 et
299 1680 384 1736 Matr.
403 1680 545 1756 isagogen
564 1680 631 1736 finit
648 1679 746 1737 verbis
765 1671 851 1751 οὗτος
871 1676 887 1739 δ
906 1679 974 1758 όρος
992 1688 1045 1758 τῆς
1064 1723 1117 1739 ...

107 1770 142 1826 ut
168 1768 275 1825 finiunt
297 1767 407 1841 'reliqui
431 1767 506 1824 libri.
553 1767 659 1825 Iriarte
683 1765 746 1825 cat.
770 1788 798 1843 p.
821 1770 891 1828 136.
933 1769 1036 1826 Ruelle
1060 1770 1116 1826 Ar-

109 1858 209 1916 chives
232 1856 291 1928 Ill,
314 1856 435 1913 11575.

67 1939 91 2007 7)
172 1945 258 2002 Matr.
282 1945 310 2002 N
330 1946 379 2001 οι.
404 1938 445 2001 4⁰.
471 1945 498 2001 s.
514 1944 568 2001 xv
594 1938 707 2024 (const.
732 1945 868 2003 amans
894 1948 979 2004 1460
1003 1946 1114 2004 Medio-

108 2026 191 2114 lani).
218 2032 369 2111 Plutarohi
384 2033 637 2109 apophthegmata
651 2033 862 2106 imperatorum
879 2034 997 2108 aliaque
1012 2035 1114 2092 latina.

110 2122 252 2180 accedunt
282 2121 386 2178 incerti
419 2121 547 2179 auctoris
579 2121 614 2178 de
647 2122 759 2179 musica
787 2140 861 2196 quae
890 2122 984 2179 edidit
1012 2123 1115 2180 Ruelle

110 2231 137 2287 p.
158 2211 228 2269 610.
283 2207 337 2281 Δός
369 2208 417 2267 διὰ
449 2210 594 2288 τεσσάρων
625 2218 776 2285 μουσικῶν
809 2208 937 2269 τουτέστι
968 2204 1009 2268 δι’
1042 2207 1115 2269 όιιτὼ

109 2298 253 2377 φθόγγων
280 2317 372 2373 usque
396 2298 435 2355 ad
459 2300 520 2356 612
544 2296 594 2357 καὶ
616 2295 749 2373 τέσσαρες
773 2296 870 2358 ἔνθεν.
915 2301 1118 2375 transscripsit

110 2390 208 2445 autem
228 2386 358 2445 Galland
378 2388 461 2445 1883
486 2388 576 2444 etiam
600 2388 684 2445 haec:
707 2383 777 2463 ἣτὸ
798 2385 870 2463 [δὶς]
891 2386 939 2446 διό
958 2388 1116 2465 τεσσάρων·

109 2472 141 2533 ἐκ
164 2475 182 2533 δ
206 2471 259 2551 μὲν
282 2473 426 2554 φθόγγων
444 2475 622 2551 συνίσταται,
640 2483 728 2551 τριῶν
748 2473 779 2534 δὲ
799 2475 1011 2553 διαστημάτων.
1044 2474 1115 2535 oiva-

109 2567 192 2642 λογεῐ
210 2559 226 2622 δ
248 2559 302 2639 μὲν
324 2561 459 2643 φθόγγος
483 2561 541 2646 όρφ
564 2562 740 2640 προτάσεως,
763 2563 794 2622 τὸ
818 2561 849 2622 δὲ
874 2563 1018 2640 διάστημα
1040 2564 1115 2648 αὐτῇ

110 2661 145 2735 τῇ
168 2651 316 2729 προτάσει·
341 2650 389 2710 διὰ
412 2661 496 2711 τοῦτο
521 2651 584 2710 οἰδ
604 2649 735 2730 φθόγγοι
753 2653 818 2731 τρία
837 2651 1016 2730 διαστήματα
1034 2652 1116 2732 ἔχου-

110 2755 169 2800 σιν·
194 2739 289 2816 ῶσπερ
311 2738 361 2798 καὶ
384 2741 415 2798 οῖ
435 2741 452 2799 δ
477 2738 540 2817 όροι
561 2745 637 2818 τρεῖς
660 2740 821 2818 προτάσεις.
863 2739 933 2817 μετὰ
958 2738 988 2800 δὲ
1011 2741 1043 2802 τδ
1068 2740 1116 2801 διὰ

110 2828 255 2907 τεσσάρων
277 2826 337 2888 ἐστὶ
359 2834 390 2888 τὸ
414 2827 463 2887 διὰ
487 2826 582 2888 πέντε·
606 2827 638 2886 ἐκ
662 2828 806 2907 φθόγγων
829 2826 882 2906 μὲν
907 2847 937 2906 ε,
956 2824 1116 2907 διαστημά-

110 2925 168 2976 τῶν
190 2913 222 2976 δὲ
245 2918 272 2975 b.
308 2917 340 2977 τὸ
364 2915 411 2975 διά
434 2925 535 2976 πασῶν
558 2914 590 2976 ἐκ
611 2916 757 2995 φθόγγων
776 2915 829 2993 μέν
847 2915 925 2976 ἔστιν
945 2914 1030 2994 ὀκτώ,
1053 2919 1116 2977 δια-

111 2999 263 3082 στιγμάτων
280 3002 317 3064 ’δὲ
340 3007 365 3064 Ζ.
390 3038 431 3046 -
456 3006 561 3063 Iriarta
584 3024 630 3062 ιιο.
653 3007 701 3062 62.
744 3006 847 3063 Ruelle
872 3006 890 3062 l.
911 3007 928 3063 l.
951 3009 1022 3065 569,

69 3090 96 3156 8)
176 3093 262 3152 Matr.
288 3091 381 3154 035.
413 3096 456 3153 ch.
480 3094 530 3152 fol.
555 3093 582 3150 S.
602 3094 672 3151 XVI
699 3088 798 3172 (Corn.
823 3095 983 3153 Murmuris
1007 3097 1115 3171 Naupl.

111 3200 163 3240 scr.
195 3181 267 3239 Ven.
295 3177 402 3262 1554).
452 3183 528 3240 Ptol.
560 3176 672 3261 (terius
703 3183 808 3240 similis
838 3185 864 3241 A
895 3188 925 3241 et
955 3184 980 3241 B
1011 3179 1114 3266 Wall.)

110 3270 215 3345 Porph.
235 3271 250 3327 l
273 3274 303 3327 et
326 3271 367 3343 ΙΙ,
391 3271 465 3343 Ad,
489 3274 567 3344 Aru,
590 3271 717 3344 Nicom,
741 3272 809 3346 Bry.
849 3274 1014 3348 iterumque
1039 3273 1115 3332 Ptol.

112 3351 164 3437 (ad
182 3351 304 3437 11114)
327 3359 409 3417 cuius
432 3364 528 3417 textus
548 3360 664 3418 Ruellio
688 3359 844 3418 abhorrere
869 3362 987 3420 videtur
1009 3380 1027 3420 a
1049 3364 1116 3420 reli-

111 3464 235 3520 quorum
258 3447 390 3505 codicum
414 3448 515 3506 verbis.
