2466 3870
518 339 526 406 ᾗ
549 321 732 378 Problemata
749 322 814 407 1111
828 328 870 379 υτ.
889 328 930 388 σε,
962 343 968 350 -
1178 311 1182 316 ’
1201 321 1233 387 9·

228 479 334 556 εὐθὺς
376 486 538 569 γενόμενα
576 489 705 570 χαίρειν
742 484 864 559 αὐτοῖς.
905 461 998 548 vded¹
1019 479 1056 549 δὲ
1092 484 1129 549 τὸ
1165 449 1226 549 ido

227 587 364 670 τρίτοις
390 594 501 674 μελῶν
527 595 695 674 χαίρομεν.
741 589 861 672 ῥυθμῷ
887 584 925 652 δὲ
947 593 1104 674 χαίρομεν
1128 590 1184 656 διὰ
1207 613 1233 655 τι

229 693 401 778 γνώριμον
434 693 490 760 καὶ
522 694 723 778 τεταγμένον
755 694 901 776 ἀριθμὸν
934 695 1020 776 ἔχειν
1051 693 1106 758 καὶ
1138 704 1227 762 κινεί

232 797 314 884 ἡμᾶς
335 798 554 885 τεταγμένως·
581 798 762 883 οίιιειοτέρα
786 800 849 882 γὰρ
872 798 892 881 ἡ
915 798 1092 884 τεταγμένη
1116 805 1227 885 κίνησι

202 905 329 989 sorices
368 915 425 989 τῆς
459 903 618 987 ἀτάκτου,
654 904 738 970 ὥστε
770 904 826 969 καὶ
857 906 938 969 κατὰ
971 907 1077 990 φύσιν
1108 910 1208 991 μᾶλλ·

229 1022 366 1097 σημεῖον
391 1006 441 1074 δὲ·
465 1018 647 1086 πονοῦντες
666 1012 730 1095 γὰρ
754 1008 809 1074 καὶ
828 1015 980 1087 τίνοντες
998 1010 1053 1076 καὶ
1072 1011 1233 1077 ἑσθίοντε

227 1113 407 1200 τεταγμένα
470 1117 616 1201 σώζομεν
646 1115 701 1181 καὶ
725 1114 869 1200 αὔξομεν
892 1118 953 1200 τὴν
976 1119 1082 1202 φύσιν
1104 1118 1201 1184 xoris
1232 1164 1233 1170 ι

228 1216 386 1306 δύναμιν,
408 1223 530 1288 ἄτακτα
553 1219 591 1288 δὲ
650 1227 836 1308 φθείρομεν
858 1220 912 1287 καὶ
937 1221 1106 1309 ἐξίσταμεν
1129 1225 1169 1290 α’

228 1327 265 1391 αί
285 1328 348 1412 γὰρ
367 1330 463 1395 νόσοι
481 1338 540 1414 τῆς
557 1337 617 1394 τοῦ
637 1326 789 1413 σώματος
808 1326 878 1413 [οὐ]
898 1330 978 1393 κατὰ
998 1331 1104 1413 φύσιν
1121 1330 1233 1408 τάξεω

192 1457 216 1496 ro
228 1435 373 1516 κινήσεις
401 1437 495 1501 εἰσίν.
540 1439 752 1520 συμφωνίᾳ
781 1431 819 1499 δὲ
846 1438 1019 1518 χαίρομεν,
1046 1437 1097 1501 ὅτι
1124 1441 1233 1522 ιιρᾶσί

227 1538 295 1605 ἐστι
318 1543 422 1623 λόγον
444 1541 589 1627 ἐχόντων
611 1540 773 1606 ἐναντίων
792 1541 874 1620 πρὸς
892 1542 1024 1624 ἄλληλα.
1061 1539 1159 1627 ὁμὲν
1179 1539 1216 1609 0³

227 1648 323 1730 λόγος
391 1646 496 1730 τάξις,
528 1646 546 1712 ὃ
578 1641 621 1730 ἦν
654 1649 755 1730 φύσει
788 1646 861 1728 ἡδύ.
906 1648 942 1712 τὸ
972 1645 1009 1712 δὲ
1035 1650 1210 1733 κεκραμέν

226 1761 286 1817 τοῦ
311 1751 457 1837 ἀκράτου
481 1765 547 1818 πᾶν
571 1753 684 1836 ἥδιον,
713 1754 820 1828 ἄλλως
843 1775 878 1816 τε
899 1752 961 1817 κᾶν
985 1750 1162 1840 (αἰσθητὸν
1185 1755 1224 1821 ὂν

296 1913 312 1961 9
332 1910 365 1963 οὐ
385 1925 437 1963 om.
459 1909 498 1963 (λε
518 1912 547 1964 et
566 1909 608 1964 ed.
628 1909 774 1979 Isingrini‚
794 1908 881 1963 deleri
900 1909 981 1963 iussit
994 1910 1036 1979 Bj.
1109 1917 1142 1964 10
1160 1931 1207 1966 ιαν

227 1979 293 2050 orec]
320 1979 434 2045 κυήσεις
456 1980 519 2034 XY.

294 2122 337 2176 Pr.
352 2126 393 2176 38.
414 2125 451 2190 (1)
470 2122 501 2176 τὸ
517 2119 585 2183 ἔθος
599 2121 633 2175 cf.
650 2128 665 2175 5
681 2128 724 2185 (=
737 2126 790 2187 49).
847 2129 862 2174 2
877 2122 1014 2190 τρόποις
1029 2126 1130 2191 μελῶν·
1150 2123 1231 2177 flexu

226 2191 363 2247 melodiae
392 2195 421 2246 et
448 2192 643 2247 conversiones
671 2193 717 2247 hic
745 2193 948 2262 Peripateticus
977 2193 1058 2262 dicit,
1095 2197 1128 2247 ut
1155 2194 1231 2248 Pls·

225 2263 340 2332 (republ.
361 2263 448 2317 11110
467 2263 505 2318 in.
524 2263 593 2316 lvs
612 2264 670 2333 fin.)
694 2267 722 2317 et
745 2263 926 2318 Aristoxenus
950 2263 990 2333 (in
1012 2263 1154 2334 prooemio
1180 2265 1224 2320 elo

224 2337 381 2388 mentorum
413 2335 591 2388 harm..125
611 2354 641 2415 p.
661 2341 696 2387 40
729 2336 793 2396 τοὺς
825 2344 879 2388 τῶν
911 2340 1065 2404 μελοποιῶν
1092 2334 1231 2404 τρόπους).

223 2409 320 2485 postes
341 2404 511 2459 vocabulum
530 2405 644 2459 transiit
662 2406 691 2458 in
711 2421 775 2459 aum
794 2424 887 2473 usum,
911 2409 943 2459 ut
961 2406 1132 2475 significaret
1150 2408 1231 2460 tonos

223 2475 293 2544 illos,
313 2476 487 2545 transposita
506 2480 661 2544 systemata
680 2479 712 2529 ut
730 2477 926 2546 hyperdorium
945 2477 980 2530 ul.
1000 2476 1149 2543 (Bacchius
1168 2483 1232 2544 §46

224 2551 250 2600 et
267 2546 388 2617 Alypius
411 2547 440 2600 iu
459 2547 569 2616 titulis),
642 2551 681 2615 (9)
701 2547 790 2602 νόσοι·
811 2548 846 2602 do
864 2547 959 2600 morbo
979 2547 1048 2601 dicit
1065 2547 1232 2604 Aristoteles

223 2617 253 2673 fr.
268 2626 301 2672 41
321 2636 349 2689 p.
366 2621 479 2674 1482·⁸:
507 2616 681 2688 ἀναρμοστία
709 2618 740 2673 δὲ
770 2628 818 2672 τοῦ
848 2615 973 2688 ἐμψύχου
1002 2620 1126 2688 σώματος
1150 2619 1217 2675 vioe

222 2690 268 2743 καλ
291 2687 431 2743 ἀσθένεια
450 2689 498 2743 καλ
516 2687 623 2757 αἶσχος,
647 2685 686 2742 ὧν
706 2691 736 2744 τὸ
756 2690 806 2759 μὲν
825 2686 995 2759 ἀσυμμετρία
1013 2699 1068 2743 τῶν
1087 2694 1231 2760 στοιχείων

223 2759 239 2826 ἠ
261 2759 343 2822 νόσος
363 2765 418 2814 κτλ.
461 2761 490 2814 in
512 2761 602 2841 probl.
622 2762 664 2814 Il
689 2761 802 2813 morbus
823 2761 925 2814 dicitur
942 2777 1003 2814 esso
1023 2763 1073 2814 aut
1090 2761 1231 2833 ὑπερβολή

223 2835 272 2885 sut
295 2830 424 2895 ἔλλειψις.
461 2831 534 2885 nihn
557 2835 653 2886 temen
678 2832 760 2885 video
785 2831 920 2900 impedire
943 2831 1010 2899 quin
1033 2834 1063 2885 et
1086 2831 1146 2901 ipss
1172 2833 1220 2886 Ari

223 2902 337 2956 stoteles
356 2902 485 2957 morbum
504 2902 546 2956 ita
565 2903 680 2956 definire
699 2903 835 2972 potuerit,
855 2905 886 2955 ut
905 2901 1095 2956 condicionem
1115 2906 1209 2957 natur
1223 2928 1233 2950 ιἸ

223 2974 327 3028 diceret
360 2974 513 3029 turbatam.
594 2974 734 3026 Misceri
762 2973 843 3026 binas
871 2989 952 3026 voces
980 2990 1147 3028 consonas
1175 2975 1232 3029 ism

222 3044 392 3114 Pythagorei
413 3044 568 3099 docuerunt
586 3049 621 3113 (v.
641 3062 739 3098 comm.
760 3044 788 3097 in
807 3043 878 3099 Ptol.
898 3045 985 3097 herm.
1005 3063 1030 3113 p.
1046 3049 1122 3113 270),
1147 3045 1196 3099 e‘
1212 3071 1227 3093 ιι

221 3114 301 3169 Plato
327 3115 415 3184 (leges
434 3116 467 3183 11,
483 3121 509 3183 9)
533 3120 562 3169 et
579 3115 746 3169 Aristoteles
769 3115 900 3184 (metaph.
920 3115 970 3168 VII
985 3121 1009 3183 2,
1025 3120 1049 3170 6.
1078 3116 1174 3170 anima
1192 3117 1230 3171 111

221 3191 245 3254 9,
261 3191 295 3255 9).
329 3186 540 3240 accuratissimo
560 3187 612 3240 hoc
631 3187 760 3255 exposuit
778 3186 911 3240 Aelianus
929 3185 1056 3240 Platonis
1076 3187 1230 3257 discipulus

222 3257 331 3327 (Porph.
352 3257 389 3311 ad
407 3257 478 3311 Ptol.
497 3276 524 3327 p.
540 3262 600 3310 218.
629 3256 723 3326 Progr.
743 3275 805 3311 ann.
825 3257 958 3327 lycArg.
975 3263 1051 3311 1891.
1071 3277 1097 3327 p.
1114 3262 1166 3328 18).
1196 3260 1231 3314 do

222 3328 390 3398 symphonia
408 3328 486 3381 sliud
506 3332 550 3382 est
567 3327 703 3381 iudicium
723 3335 764 3383 ⁴27.
837 3332 892 3397 (12)
911 3322 954 3396 ἦν.
983 3328 1067 3398 paulo
1087 3333 1152 3383 snte
1172 3329 1231 3384 dixi

221 3398 278 3467 (lin.
299 3403 334 3468 o).
409 3405 464 3466 (13)
487 3398 575 3461 ἄλλως
597 3419 626 3452 τε
646 3398 708 3454 κᾶν,
746 3399 831 3453 vertit
849 3399 978 3468 Bojesen:
1005 3400 1187 3470 „praesertim
1206 3401 1230 3455 si

222 3471 340 3524 mixtum
367 3469 440 3524 illud
468 3471 543 3539 quod
571 3471 698 3524 sensibus
727 3470 879 3541 percipitur
902 3471 942 3523 ita
966 3474 1159 3540 comparatum
1178 3475 1230 3533 sst,

223 3542 300 3595 utin
319 3542 437 3596 diversis
457 3542 548 3609 rebus,
571 3559 604 3595 ex
623 3541 724 3611 quibus
744 3541 928 3611 compositum
946 3543 996 3610 est,
1016 3558 1072 3596 una
1090 3543 1230 3610 quasdam

220 3612 263 3665 sis
286 3616 315 3666 et
337 3616 441 3667 notura
464 3615 626 3683 appareat.“
659 3614 734 3681 quod
758 3613 793 3666 ad
813 3612 1006 3682 symphoniam
1025 3612 1162 3682 diapason
1180 3612 1229 3668 ille

220 3687 341 3753 revocat,
360 3684 464 3739 colluto
484 3703 524 3754 pr.
544 3688 600 3738 390.
633 3684 716 3738 lectio
736 3685 854 3738 incerta.

983 3775 1017 3831 ν
