2466 3870
102 127 167 192 102
294 151 297 155 .
469 120 504 174 Π.
522 117 740 195 Ρεςειῑιιοεειῑε
1000 70 1004 75 ¹
1059 102 1066 111 ’

100 298 173 366 ταῖς
205 286 270 370 πρὸ
301 290 362 348 τοῦ
388 278 504 356 τέλους
529 278 715 365 διαφοραῖς.
760 282 848 363 νότοι
875 278 912 345 ἐκ
934 282 1111 367 διαφόρων

100 393 139 460 τὸ
169 387 286 455 κοινὸν
317 385 454 469 ήδιστου
481 382 512 444 lv
535 394 569 459 τό
600 382 657 448 διά
686 392 804 449 πασῶν
829 385 967 466 γίνεται.
1010 388 1050 454 τό
1072 383 1113 453 δὲ

100 494 292 582 μαγαδίζειν
320 489 353 569 ἐξ
379 488 540 557 ἐναντίων
561 497 700 575 φωνῶν·
725 487 783 554 διδ
804 496 910 555 ταῦτα
931 488 969 556 δν
990 500 1031 577 τῇ
1054 492 1113 559 διδ

100 608 216 666 πασῶν
238 596 485 683 μαγαδίζουσιν.
520 624 563 651 ι·
577 594 631 683 18,
647 592 688 661 of.
701 594 768 661 35⁴.

166 738 220 805 40.
248 739 318 804 Διά
340 739 377 804 τί
394 736 492 822 ήδιον
513 736 694 805 ἀποόουσιν
716 734 867 827 ᾀδόντων
888 734 953 803 &a
969 732 1014 802 ἀν
1031 756 1113 819 προ-
1138 760 1153 802 ε

94 840 312 931 ἐπιστάμενοι
332 844 458 931 τόχωσι
478 854 545 913 των
566 848 686 931 μείων,
706 842 729 930 ή
750 842 810 911 ἐὰν
830 842 876 931 μή
898 840 1113 921 ἐπιστωνταις

100 987 144 998 -
168 952 320 1038 Πότερον
347 952 399 1019 ότι
424 955 551 1039 μᾶλλον
572 951 673 1037 δῆλός
693 950 786 1019 ἐστιν
807 949 827 1019 ό
848 948 1027 1037 τυγχάνων
1047 948 1113 1018 ἀσ-

100 1078 162 1143 περ
189 1066 333 1144 σκοποῦ,
360 1058 440 1125 όταν
463 1059 647 1144 γνωρίζωσι
667 1056 706 1123 τὸ
728 1054 907 1145 ήδόμενονς
932 1058 1113 1142 γνωριζόν-

100 1184 169 1230 των
186 1159 225 1230 δὲ
241 1162 307 1248 ήδὺ
319 1170 472 1251 δεωρελν.
501 1161 523 1249 ή
542 1162 594 1230 ότι
612 1163 790 1249 συμπαθής
807 1160 900 1229 ἐστιν
916 1160 1114 1249 όάτιροατής

99 1277 146 1356 τῷ
173 1269 210 1336 τό
237 1270 408 1357 γνώριμον
434 1266 563 1357 ᾇδοντις
590 1264 728 1356 συνᾴδει
755 1268 819 1353 γάρ
846 1266 951 1354 αὐτῷ·
978 1264 1051 1355 ᾄδει
1074 1266 1114 1335 δὲ
1128 1290 1155 1333 ιο

99 1387 163 1453 πας
181 1374 334 1459 γεγηθὼς
350 1373 370 1441 δ
388 1374 433 1460 μή
450 1372 507 1441 διά
523 1396 600 1440 τινα
612 1372 761 1457 ἀνάγκην
772 1382 881 1438 ποιων
894 1380 1005 1439 τοῦτο.
1027 1371 1068 1437 ef.
1082 1374 1113 1439 5.

166 1516 221 1580 41.
249 1516 320 1581 Διά
341 1518 378 1582 τί
396 1512 449 1592 δίς
469 1510 530 1599 μὲν
551 1510 595 1578 δι’
622 1510 740 1592 όξειῶν
760 1510 782 1597 ή
800 1510 854 1590 δὶς
870 1511 929 1579 διὰ
945 1512 1115 1600 τεττάρων

100 1621 141 1687 οὐ
164 1631 350 1706 συμφωνεῖ,
373 1618 425 1697 δὶς
447 1620 503 1685 διά
523 1629 640 1685 πασῶν
662 1616 714 1698 δίς
734 1655 775 1666 -
787 1615 837 1685 Ἡ
849 1618 957 1686 ὅτιτὸ
975 1616 1038 1705 μὲν
1056 1620 1114 1688 διὰ

100 1724 197 1792 πέντε
222 1724 315 1792 ἐστὶν
337 1726 375 1793 ἐν
395 1725 534 1813 ἡμιολίῳ
557 1727 660 1814 λόγῳ,
685 1725 724 1792 τὸ
746 1721 785 1791 δε
806 1726 865 1791 διά
885 1724 1053 1812 τεττάρων
1075 1726 1114 1794 ἐν

100 1829 269 1920 ἐπιτρίτφς
296 1834 405 1899 όντων
431 1829 469 1898 δὲ
494 1831 655 1917 ἡμιολίων
680 1842 784 1917 τριῶν
811 1828 884 1917 ἑξῆς
912 1832 1069 1918 ἀριθμῶν
1092 1832 1155 1918 ἣιε

100 1938 276 2024 ἐπιτρίτων
365 1939 401 2006 οί
429 1939 525 2025 ἀκροι
553 1938 636 2024 πρὸς
664 1937 828 2022 ἀλλήλους
857 1936 980 2004 οὐδένα
1010 1942 1114 2023 λόγον
1151 1985 1157 2007 .

100 2043 247 2123 ἕξουσιν·
266 2045 344 2111 οὔτε
363 2047 424 2132 γὰρ
444 2045 608 2129 ἐπιμόριοι
624 2044 701 2109 οὔτε
713 2042 956 2110 πολλαπλάσιοι
971 2047 1113 2111 ἔσονται.

102 2152 139 2217 τὸ
163 2148 201 2217 δὲ
223 2152 280 2216 διὰ
302 2162 418 2217 πασῶν
441 2151 553 2233 ἐπειδή
576 2149 666 2215 ἐστιν
688 2149 726 2216 ἐν
749 2151 912 2238 διπλασίῳ
931 2150 1036 2237 λόγῳ,
1061 2151 1115 2230 δὶς

100 2258 223 2324 τούτου
254 2256 435 2343 γινομένου
466 2257 502 2322 ἐν
533 2259 756 2345 τετραπλασίῳ
789 2260 877 2345 λόγῳ
910 2257 953 2322 ἀν
985 2254 1053 2324 εἷεν
1081 2262 1118 2325 οί

101 2366 196 2448 ἅτιροι
215 2365 298 2448 πρὸς
316 2363 487 2447 ἀλλήλους.
523 2360 599 2429 ὥστ’
624 2361 693 2429 ἐπεὶ
708 2367 888 2448 συμφωνία
902 2366 1005 2446 λόγον
1025 2365 1114 2450 ἐχόν-
1129 2389 1156 2428 ιο

100 2491 170 2534 των
193 2471 358 2553 φθόγγων
380 2470 461 2556 πρὸς
483 2467 645 2552 ἀλλήλους
665 2467 745 2554 ἐστὶ,
768 2472 870 2552 λόγον
888 2466 927 2534 δὲ
945 2471 981 2534 οί
996 2468 1058 2555 μὲν
1076 2475 1114 2538 τὸ

102 2572 155 2651 δὶς
195 2575 252 2641 διά
292 2585 408 2641 πασῶν
448 2574 622 2660 διάλειμμα
662 2577 792 2660 ἔχοντες
827 2576 912 2664 πρὸς
949 2575 1115 2660 ἀλλήλους

103 2684 252 2766 φθόγγοι
284 2683 435 2767 ἔχουσιν,
465 2684 500 2747 οί
529 2677 566 2747 δὲ
592 2682 629 2747 τὸ
657 2680 710 2758 δὶς
736 2680 902 2767 τεττάρων
928 2681 949 2766 ή
977 2681 1030 2760 δὶς
1058 2687 1115 2750 διά

101 2786 200 2853 πέντε
227 2787 289 2854 οὐκ
316 2789 464 2874 ἔχουσιν,
491 2789 526 2853 οί
550 2783 611 2872 μὲν
638 2786 690 2864 δὶς
717 2789 774 2853 διά
796 2799 913 2854 πασῶν
935 2790 1114 2874 σύμφωνοι

102 2888 170 2960 εἶεν
193 2895 246 2978 ἀν,
269 2894 305 2960 οί
324 2890 357 2959 δ’
384 2892 489 2980 ἕτεροι
511 2893 567 2978 οὔ,
590 2895 647 2960 διά
669 2895 709 2959 τά
732 2894 897 2980 εἰρημένα.
933 2895 972 2959 cf.
988 2899 1040 2962 34.
1129 2919 1155 2960 ετ

175 3056 190 3106 1
210 3048 297 3112 οὕτως
314 3064 376 3120 eg0,
394 3055 431 3104 τῶ
448 3050 479 3105 τό
493 3049 573 3105 codd.
628 3056 644 3103 λ
663 3045 694 3105 ἐκ
713 3058 762 3104 τοῦ
777 3049 826 3104 διὰ
838 3069 867 3103 π.
883 3053 1017 3120 γίνεσθαι
1031 3055 1113 3110 codd.

102 3122 134 3177 τδ
153 3121 185 3178 δὲ
203 3117 367 3192 μαγαδίζειν
385 3106 441 3190 Βόε,
458 3121 510 3190 τήν
527 3120 558 3176 δὲ
577 3123 706 3192 μαγιδεῖν
724 3120 792 3187 ΧΥ,
815 3121 867 3188 τὴν
887 3122 912 3177 δ.
931 3125 1064 3191 μοιδιδείν
1083 3125 1112 3181 C.

104 3198 121 3247 8
139 3192 341 3264 γνωριζόντων]
364 3200 444 3247 τοῦτο
462 3210 503 3263 pr.
517 3197 541 3247 ό.
615 3197 648 3247 16
668 3189 686 3261 ἢ
705 3190 754 3245 καλ
772 3185 794 3245 ἐ.
814 3189 841 3244 O.
912 3199 946 3246 20
966 3193 1048 3264 λόγον
1068 3197 1111 3266 fij,

105 3263 221 3334 εὔλογον
239 3263 320 3319 oodd⁴
392 3269 424 3316 21
445 3262 578 3333 φθόγγων
596 3262 666 3332 XY,
685 3259 814 3332 φθόγγον
832 3259 862 3315 (λ.

175 3404 219 3460 Pr.
233 3409 276 3462 40.
291 3407 330 3475 (7)
349 3402 461 3474 τογχάν.
473 3403 577 3459 σκότου
590 3423 616 3459 v.
632 3404 669 3458 ad
677 3421 717 3474 pr.
730 3408 754 3456 ό.
853 3401 897 3457 Pr.
908 3408 951 3458 41.
962 3410 1018 3473 (15)
1033 3406 1114 3477 ἡμιο.

103 3473 170 3531 λίαν
188 3484 284 3546 τριῶν·
302 3478 336 3531 ut
349 3476 406 3530 sint
420 3476 490 3530 duae
504 3476 626 3530 rationes
639 3472 791 3529 hemioliae
806 3480 823 3526 4
837 3495 844 3528 :
859 3480 875 3527 6
890 3496 897 3528 :
913 3479 937 3527 9.
963 3475 997 3530 cf.
1012 3495 1053 3546 pr.
1069 3485 1112 3534 34,
