2466 3870
101 101 143 177 2‘6
434 112 456 167 1.
475 110 649 165 Aristoteles.
677 110 709 184 ε.
729 115 772 164 οε.
947 112 982 159 .-

101 273 218 350 πάντες
238 279 397 353 αἴσθησιν
415 267 496 354 (ἔχει
515 271 578 352 γὰρ
597 263 617 351 ἡ
636 268 778 352 μουσικὴ
794 267 856 349 τὴν
870 267 996 352 ἡδονὴν
1011 288 1112 353 φυσι-

101 382 176 462 κήν,
204 379 256 441 διὸ
283 374 403 449 πάσαις
429 372 572 454 ἡλικίαις
598 371 653 436 καὶ
677 385 779 436 πᾶσιν
804 372 926 454 ἤθεσιν
951 372 971 455 ἡ
996 383 1112 459 χρῆσις

100 486 199 564 αὐτῆς
227 478 295 544 ἐστὶ
323 475 538 564 προσφιλής),
567 476 635 541 ἀλλ’
664 477 748 560 ὁρᾶν
770 482 804 540 εῖ
822 498 867 562 πῃ
889 475 944 541 καὶ
967 480 1050 562 πρὸς
1073 483 1111 544 τὸ

100 584 196 669 ἦθος
219 588 382 649 συντείνει
406 581 460 648 καὶ
483 585 565 669 πρὸς
588 584 648 666 τὴν
670 583 790 666 ψυχήν.
827 590 926 647 τοῦτο
945 581 975 644 δ’
998 582 1041 646 ἂν
1060 590 1112 667 εῖη

102 695 220 774 δῆλον,
251 693 282 754 εί
312 693 406 754 ποιοί
433 713 521 767 τινες
552 691 592 755 τὰ
624 691 692 774 ἤθη
724 691 889 774 γινόμεθα
920 685 963 752 δι’
1001 687 1111 770 αὐτῆς.
1141 717 1154 756 s

67 808 87 872 ε)
102 797 184 861 ἀλλὰ
215 798 280 880 μὴν
312 797 362 861 ὅτι
389 799 553 881 γινόμεθα
584 800 696 863 ποιοί
725 819 845 880 τινες,
878 794 1026 879 φανερὸν
1056 794 1113 858 διὰ

101 907 233 968 πολλῶν
261 900 321 988 μὲν
347 902 402 969 καὶ
431 901 567 990 ἑτέρων,
594 905 655 988 οὐχ
682 904 799 987 ἥκιστα
827 898 864 968 δὲ
886 900 941 967 καὶ
964 902 1021 966 διὰ
1044 911 1114 965 τῶν

99 1007 263 1093 Ὀλύμπου
286 1016 407 1094 μελῶν·
435 1018 538 1076 ταῦτα
561 1012 623 1094 γάρ
648 1007 922 1095 ὁμολογουμένως
943 1019 1035 1073 ποιεῖ
1054 1008 1114 1083 τὰς

102 1116 208 1198 ψυχὰς
240 1115 529 1199 ἐνθουσιαστικάς,
562 1115 580 1181 ὁ
614 1115 642 1180 δ’
671 1114 916 1199 ἐνθουσιασμὸς
947 1123 1008 1179 τοῦ
1036 1113 1113 1198 περὶ

101 1222 161 1304 τὴν
193 1222 304 1305 ψυχὴν
334 1222 443 1304 ἤθους
474 1222 584 1298 πάθος
615 1220 714 1286 ἐστίν.
761 1222 808 1285 ἔτι
841 1216 878 1284 δὲ
905 1218 1112 1304 ἀκροώμενοι
1128 1248 1154 1287 ιο

102 1339 169 1393 τῶν
195 1330 363 1413 μιμήσεων
385 1330 536 1410 γίνονται
559 1325 680 1403 πάντες
703 1332 905 1410 συμπαθεῖς,
931 1323 987 1389 καὶ
1010 1325 1113 1410 χωρίς

101 1445 168 1498 τῶν
200 1439 287 1509 λόγων
320 1437 369 1492 διὰ
402 1446 458 1492 τῶν
492 1431 634 1517 ῥυθμῶν
664 1430 719 1496 καὶ
751 1441 819 1495 τῶν
850 1435 959 1514 μελῶν
991 1430 1114 1496 αὐτῶν.

103 1537 171 1604 ἐπεὶ
203 1535 239 1603 δὲ
271 1536 477 1622 συμβέβηκεν
508 1533 593 1603 εἶναι
620 1538 681 1619 τὴν
708 1536 871 1619 μουσικὴν
898 1546 966 1600 τῶν
992 1534 1113 1622 ἡδέων,

102 1646 162 1728 τὴν
190 1643 218 1708 δ
247 1643 366 1727 ἀρετὴν
393 1640 468 1726 περὶ
496 1644 533 1707 τὸ
559 1645 686 1727 χαίρειν
709 1642 821 1727 ὀρθῶς
842 1639 898 1706 καὶ
921 1648 1034 1726 φιλεῖν
1056 1644 1113 1710 καὶ

102 1762 221 1834 μισεῖν,
236 1750 289 1813 δεῖ
301 1751 403 1832 δῆλον
417 1749 468 1814 ὅτι
482 1750 668 1833 μανθάνειν
682 1747 737 1813 καὶ
751 1751 988 1827 συνεθίζεσθαι
1002 1748 1113 1834 μηθὲν
1129 1779 1153 1819 1⁵

103 1856 208 1932 οὕτως
222 1856 266 1931 ὡς
280 1857 316 1920 τὸ
331 1858 458 1940 κρίνειν
472 1854 584 1941 ὀρθῶς
596 1854 649 1920 καλ
665 1856 702 1920 τὸ
717 1858 845 1941 χαίρειν
854 1866 924 1931 τοῖς
933 1853 1113 1922 ἐπιεικέσιν

67 1973 89 2038 5)
103 1963 200 2044 ἤθεσι
228 1961 282 2026 καὶ
309 1974 380 2037 ταῖς
406 1967 521 2037 καλαῖς
549 1961 715 2046 πράξεσιν.
761 1963 829 2025 ἔστι
858 1959 886 2024 δ’
921 1958 1113 2044 ὁμοιώματα

101 2069 241 2152 μάλιστα
268 2071 356 2152 παρὰ
383 2069 441 2144 τὰς
468 2068 631 2151 ἀληθινὰς
658 2070 778 2152 φύσεις
806 2065 842 2130 ἐν
869 2079 938 2141 τοῖς
966 2065 1113 2151 ῥυθμοῖς

102 2172 156 2238 καὶ
180 2186 248 2250 τοῖς
271 2173 403 2258 με’λεσιν
428 2175 527 2259 ὀργῆς
550 2174 605 2239 καὶ
628 2179 820 2258 πραότητος,
844 2175 891 2237 ἔτι
915 2170 946 2236 δ’
972 2172 1113 2258 ἀνδρίας

101 2279 156 2344 καὶ
188 2282 407 2365 σωφροσύνης
439 2279 494 2345 καί
526 2281 659 2346 πάντων
690 2292 758 2345 τῶν
791 2280 952 2345 ἐναντίων
979 2280 1113 2357 τούτοις
1127 2311 1153 2349 εο

101 2386 155 2451 καὶ
187 2399 254 2452 τῶν
287 2388 398 2451 άλλων
431 2388 568 2469 ἠθικῶν.
620 2390 722 2470 δῆλον
740 2373 790 2452 Ιδὲ
823 2387 859 2451 ἐκ
890 2397 957 2450 τῶν
990 2388 1111 2471 ἔργων’

102 2493 346 2576 μεταβάλλομεν
378 2494 439 2577 γὰρ
471 2496 531 2576 τὴν
564 2495 673 2577 ψυχὴν
706 2494 910 2578 ἀκροώμενοι
938 2494 1111 2557 τοιούτων.

102 2598 119 2662 ὁ
140 2597 168 2662 δ
193 2598 229 2663 ἐν
247 2611 316 2675 τοῖς
334 2600 461 2682 ὁμοίοις
480 2599 616 2683 ἐθισμὸς
635 2610 694 2664 τοῦ
714 2607 892 2665 λυπεῖσθαι
912 2597 967 2662 καὶ
982 2603 1110 2683 χαίρειν

103 2703 200 2786 ἐγγύς
231 2705 298 2769 ε’στι
331 2715 375 2792 τῷ
407 2706 489 2791 πρὸς
520 2708 580 2789 τὴν
613 2707 775 2790 ἀλήθειαν
804 2709 863 2772 τὸν
891 2707 993 2771 αὐτὸν
1023 2709 1110 2790 ἔχειν

101 2814 236 2894 τρόπον’
260 2802 332 2876 οἷον
356 2817 390 2876 εῖ
408 2836 457 2888 τις
480 2816 585 2898 χαίρει
609 2816 669 2896 τὴν
693 2816 803 2879 είκόνα
826 2815 917 2888 τινὸς
941 2810 1110 2895 θεώμενος
1126 2845 1151 2882 ιο

100 2918 144 3000 μὴ
176 2915 221 2980 δι’
251 2919 353 2999 άλλην
385 2922 509 3002 αίτίαν,
541 2920 624 2984 ἀλλὰ
657 2922 712 2984 διὰ
746 2922 806 3002 τὴν
834 2921 968 3005 μορφὴν
995 2920 1111 3002 αὐτήν,

102 3020 281 3104 άναχκαῖον
306 3024 411 3111 τούτῳ
435 3023 490 3089 καὶ
513 3027 616 3091 αὐτοῦ
640 3026 769 3091 ἐκείνου
793 3028 853 3108 τὴν
875 3029 1040 3109 θεωρίαν,
1069 3021 1110 3089 οὗ

67 3135 87 3202 ἵ)
102 3129 161 3210 τὴν
189 3131 299 3194 είκόνα
325 3137 461 3215 θεωρεῖ,
489 3131 603 3213 ἡδεῖαν
632 3129 725 3196 εἶναι.
772 3131 957 3216 συμβέβηκε
983 3128 1020 3196 δὲ
1043 3142 1111 3196 τῶν

101 3237 270 3317 αίσθητῶν
294 3235 330 3300 ἐν
353 3233 413 3320 μὲν
437 3249 505 3313 τοῖς
529 3239 642 3313 ἄλλοις
660 3235 764 3322 μηδὲν
781 3236 942 3322 ὑπάρχειν
961 3237 1111 3322 ὁμοίωμα

173 3469 204 3516 12
224 3462 311 3532 λόχων
330 3463 379 3517 διὰ
397 3471 452 3517 τῶν
471 3463 537 3521 add.
556 3463 705 3521 Smmihl.
