2466 3870
585 300 774 367 Problemata.
1024 262 1027 266 Ι
1140 311 1183 375 4Ί

168 464 368 555 potaverint,
395 470 519 536 scilicet
541 472 625 538 effici
647 474 838 537 raucitatem
861 477 894 538 et
915 474 1016 539 nimia
1038 473 1183 538 humoris

169 574 263 658 copia
286 578 320 639 et
342 578 480 642 arteriae
500 578 728 662 inaequalitate
747 576 957 665 (ἀνωμαλία),
980 603 1017 645 ea
1035 583 1183 645 auctores

168 680 300 747 haurire
326 686 504 767 potuerunt
531 704 570 746 ex
598 681 685 745 illius
709 683 825 767 capitis
848 683 919 746 fine.
966 685 1052 767 quod
1074 691 1182 751 autem

170 785 352 854 declamant
388 789 575 872 saepissime
607 787 647 851 de
678 809 756 853 voce
787 810 960 872 puerorum
991 788 1183 857 feminarum

169 894 350 980 spadonum
382 892 444 979 (XI
471 894 520 958 14.
547 896 596 959 16.
620 896 672 960 34.
696 893 766 981 63),
804 895 837 960 id
873 918 911 960 ex
948 898 1058 962 ecdem
1092 896 1183 964 fonte

170 1003 278 1087 fluxit3
306 1005 339 1065 et
367 1001 534 1084 problema
562 1000 641 1065 illud
663 1000 709 1066 XI
731 1003 787 1087 24,
816 1003 902 1086 quod
925 1002 1019 1068 facilc
1042 1005 1114 1089 quis
1138 1005 1184 1068 in·

170 1108 303 1194 dignum
341 1108 429 1171 omni
462 1107 656 1191 philosopho
690 1109 879 1173 iudicaverit
910 1108 964 1196 (de
996 1131 1073 1175 voce
1101 1111 1183 1174 vitu-

168 1212 299 1301 lorum),
322 1214 385 1298 ipsi
409 1213 544 1279 debetur
561 1214 732 1280 Aristoteli
755 1219 788 1279 et
810 1215 882 1280 loco
904 1216 1013 1280 eidem.
1050 1218 1078 1281 is
1097 1219 1181 1282 enim

168 1320 273 1406 locus,
301 1342 366 1405 quo
393 1320 538 1404 ἀπορίαν
565 1323 630 1405 ἔχει
659 1323 727 1405 ipse
754 1323 909 1409 magister
936 1322 1101 1388 confessus
1124 1328 1182 1409 est,

169 1425 285 1493 horum
314 1427 481 1492 hominum
510 1427 701 1492 industriam
728 1450 794 1493 non
817 1429 955 1493 excitare
976 1451 1043 1494 non
1065 1433 1182 1514 potuit.

169 1547 207 1599 ac
224 1534 332 1599 calore
351 1532 503 1597 docemur
520 1534 555 1598 in
572 1534 782 1618 problematis
802 1535 940 1599 mrdtum
958 1536 1041 1600 aeris
1060 1539 1181 1601 moveri

168 1660 387 1725 sonorumque
419 1640 504 1704 effici
531 1642 723 1727 gravitatem
751 1639 813 1727 (XI
839 1644 887 1707 13.
912 1643 954 1706 32
974 1673 1016 1695 ==
1034 1641 1105 1707 Par.
1129 1644 1180 1708 88.

170 1745 308 1834 5310).
353 1747 417 1811 hoc
440 1748 468 1811 si
491 1748 563 1831 quis
587 1748 762 1831 improbat,
786 1749 820 1812 in
842 1769 959 1834 magno
983 1749 1180 1813 audientium

169 1873 323 1918 consessu
355 1859 388 1918 et
420 1853 525 1918 calore
557 1859 707 1938 expertus
741 1855 863 1918 intendi
891 1855 1000 1937 potius
1028 1855 1180 1919 tibiarum

169 1960 385 2044 tubarumque
408 1982 515 2044 sonos,
538 1962 566 2025 is
590 1961 717 2025 evolvat
739 1961 824 2025 idem
847 1960 926 2025 illud
945 1965 1041 2045 caput
1060 1960 1181 2048 (§11):

170 2064 380 2132 Aristotelem
407 2068 548 2131 inveniet
570 2068 698 2132 eosdem
722 2089 845 2131 errores
869 2068 1080 2150 profitentem.
1125 2068 1181 2132 sed

169 2177 297 2256 practer
319 2173 400 2238 illud
423 2174 462 2238 de
485 2174 692 2260 generatione
713 2178 809 2258 caput
828 2173 883 2238 alii
901 2173 976 2237 libri
996 2172 1181 2239 Aristotelis

170 2279 220 2344 bis
244 2279 410 2363 discipulis
434 2280 601 2344 materiam
625 2281 850 2364 praebueramt.

234 2384 285 2451 De
312 2387 435 2451 musica
463 2389 532 2471 ipsa
565 2387 642 2471 quid
673 2389 829 2473 magister
861 2392 893 2451 et
925 2387 1002 2472 quid
1033 2386 1181 2470 discipuli

170 2496 325 2578 statuant,
348 2494 376 2557 si
398 2495 642 2579 comparaveris
666 2495 806 2558 invenies
826 2498 950 2558 motum
969 2497 1180 2576 temperatum

171 2598 274 2664 dicere
305 2597 447 2663 ambos¹
496 2600 688 2684 symphonia
720 2604 827 2664 autem
859 2604 996 2684 utroque
1028 2600 1098 2664 loco
1131 2599 1182 2663 de

170 2705 282 2772 finitur
309 2706 413 2770 mixta
440 2704 528 2770 esse²
555 2728 572 2771 e
599 2708 700 2792 sonis,
729 2706 784 2791 qui
811 2728 1017 2772 numerorum
1044 2705 1182 2790 simplici

171 2814 296 2878 ratione
327 2812 553 2877 continentur³
584 2812 888 2900 (comparanturque
924 2814 1082 2878 mixturae
1109 2811 1181 2877 aliis

171 2921 319 2985 sensibus
343 2920 532 3007 obiectae⁴),
562 2943 753 3007 quamquam
783 2942 936 2985 sonorum
964 2920 1018 2984 illa
1041 2921 1182 2984 mixtura

241 3120 255 3166 l
279 3113 440 3197 Tetuype'vp
460 3116 568 3183 κίνησις
586 3133 626 3183 pr.
646 3115 707 3168 XIX
721 3119 762 3170 38,
786 3115 821 3168 de
836 3113 915 3167 caelo
929 3114 941 3166 l
957 3119 997 3168 10.
1017 3113 1051 3167 dc
1067 3118 1179 3167 cenent

171 3183 204 3240 ci.
224 3185 260 3239 de
277 3184 432 3239 virtutrbus
451 3189 476 3240 8.

240 3255 320 3311 apr.
340 3256 404 3310 XIX
423 3261 466 3309 27.
485 3260 528 3310 28.
558 3255 662 3324 analyt.
685 3259 755 3326 post.
776 3256 872 3323 nas
896 3254 1001 3323 aliique
1021 3255 1076 3310 loci
1095 3273 1180 3325 supra

170 3326 264 3382 subl)
283 3326 404 3382 collecti.

240 3397 491 3454 aermnae.
510 3397 714 3465 animall12‚9.
733 3397 1179 3468 sensus3(suprap.19,1t)‚etal.

240 3469 479 3540 lsymphcniam
507 3485 569 3523 cum
596 3469 684 3522 mixto
712 3470 776 3524 vino
805 3472 969 3539 comparant
991 3487 1032 3537 pr.
1052 3468 1114 3522 XIX
1136 3474 1178 3522 43.

170 3556 268 3596 seusus
292 3547 316 3596 ’1.
363 3541 399 3596 ci.
428 3541 463 3595 de
492 3540 588 3594 anima
612 3540 629 3594 l.
654 3540 673 3594 l.
719 3541 825 3595 musica
853 3543 990 3609 quantum
1019 3539 1055 3593 ad
1083 3556 1179 3593 sensus

168 3611 323 3668 movendos
345 3611 456 3680 valeat,
480 3611 668 3681 comparando
690 3611 791 3665 docent
808 3631 848 3682 pr.
869 3611 932 3664 xlx
947 3616 989 3666 27.
1005 3616 1046 3664 29.
1085 3611 1119 3664 de
1138 3626 1179 3664 re-

168 3682 285 3755 publica
303 3682 399 3738 Vffls
418 3702 445 3754 p.
462 3685 583 3737 1³40⁸¹⁸.
621 3683 655 3736 cf.
675 3683 796 3751 metaph.
816 3683 852 3736 IX
869 3689 891 3736 7.
