2466 3870
171 109 258 164 LVIII
450 109 503 162 vDe
521 105 664 162 codicibus
683 90 890 190 manuscriptis.
966 102 971 107 ”

102 280 158 349 (79)
173 276 302 335 concinit
315 294 381 334 oum
395 273 468 331 Mut
501 289 570 329 nam
589 272 743 328 contextus
757 275 858 387 plartes
872 272 990 330 inter
967 292 1053 353 signa
1069 276 1184 335 musica

122 375 129 418 i
172 365 287 440 positae
322 365 391 420 sunt
425 361 457 417 in
489 362 615 431 utroque
647 349 793 429 eaedomss
831 378 846 414 e
878 377 941 434 oap.
974 362 990 418 I
1014 367 1031 420 7
1060 366 1183 439 uterque

172 454 339 510 universam
372 445 521 521 quandam
553 443 705 520 signorum
735 445 840 502 seriem
872 446 992 505 omittit.
1044 469 1120 524 quae
1147 451 1183 509 da

173 540 227 598 hoo
245 539 337 609 Neap.
362 531 497 590 enotavit
519 530 707 589 Bellennann
735 532 884 606 111167,
908 535 1008 591 omnia
1035 538 1184 610 quadrant

131 679 136 689 ,
173 628 211 684 ad
234 624 306 679 Mut.
352 621 402 677 ille
426 638 493 677 oum
512 618 574 692 XV,
598 619 646 678 hio
664 620 733 678 XVI
757 620 874 679 saeculo
892 623 1019 696 scriptus
1039 623 1183 699 videatur,

172 715 287 786 patrem
310 708 393 765 illurn
418 725 480 765 esse
499 707 664 784 suspiceris,
687 710 764 769 huno
783 710 884 769 filium.
921 711 951 769 in
971 711 1098 770 Baoohio
1118 711 1182 787 qui-

172 800 238 857 dem
258 815 332 871 quae
352 797 537 873 comparavi,
556 817 591 856 ea
610 802 645 857 ut
662 800 822 859 concinunt
839 819 906 859 oum
924 800 996 860 Ven.
1012 799 1120 875 V110,
1138 800 1183 857 ita

173 887 333 944 abhorrent
360 904 377 943 a
400 887 493 962 Naap.
516 890 531 946 1
558 891 589 946 st
612 892 631 946 4
660 890 839 965 propiusque
865 891 1009 949 accedunt
1031 890 1069 948 ad
1093 889 1181 948 Maro.

173 975 262 1032 V12.
309 976 475 1034 examinavi
499 976 626 1053 Neapoli
653 980 745 1039 1891.
793 977 921 1054 cyrillus
945 979 1065 1038 11248.

240 1061 396 1122 Oxoniae
420 1066 538 1123 exstant
560 1066 592 1122 in
615 1065 684 1125 bibl.
709 1058 903 1124 Bodleiana²z

101 1158 156 1225 (80)
239 1151 290 1212 Ox.
310 1153 508 1211 Baroeoianus
526 1155 577 1212 41.
593 1153 636 1212 oh.
651 1156 671 1211 4
687 1154 756 1211 min.
781 1153 808 1211 S.
822 1153 884 1212 XV,
922 1154 967 1212 Pa.
980 1154 1070 1228 Euol,
1090 1155 1181 1228 Euol,

171 1243 250 1316 Arx,
269 1241 404 1315 Alypius,
423 1239 526 1314 Gaud,
546 1241 659 1299 Nicom.
680 1242 717 1316 11,
741 1242 848 1317 Porph.
895 1243 971 1301 buno
990 1263 1005 1302 e
1024 1243 1128 1302 charta
1151 1245 1182 1301 et

170 1331 317 1405 scriptura
336 1329 443 1386 Walh's
466 1329 576 1388 oonicit
597 1329 764 1394 confectum
782 1348 844 1389 esse
864 1331 895 1387 11
913 1330 1035 1390 orientis
1053 1332 1181 1408 regione,

171 1418 314 1486 librorum
337 1421 436 1475 autem
460 1417 531 1477 ordo
554 1417 587 1474 11
609 1420 737 1476 mentem
752 1418 843 1476 nobis
862 1421 983 1476 revocat
1000 1418 1081 1476 oodd.
1102 1419 1133 1475 Μ
1151 1421 1183 1476 et

171 1506 199 1565 U
221 1498 310 1587 (duos
333 1506 423 1564 etiarn
447 1505 567 1563 attende
591 1523 653 1564 esse
676 1505 767 1564 libros
791 1499 878 1585 llio).
925 1509 970 1564 est
993 1509 1092 1564 autem
1114 1505 1181 1564 illo·

172 1615 238 1653 rum
261 1592 331 1652 Oxx.
357 1612 430 1668 quos
453 1593 628 1651 Meibomius
652 1593 789 1651 adhibuit
811 1593 975 1668 antiquior,
1003 1613 1021 1652 a
1044 1594 1182 1653 Pembro·

173 1684 255 1742 chiae
278 1682 384 1740 comite
408 1680 604 1739 bibliothecae
627 1681 754 1738 donatus
783 1673 828 1760 (Μ
850 1681 882 1739 11
907 1701 1034 1757 prooem.
1063 1677 1182 1764 Gaud.),

172 1771 280 1828 Wallis
303 1789 369 1827 eum
392 1769 524 1845 signavit
545 1768 580 1825 D.
627 1768 663 1827 of.
687 1788 762 1844 quae
786 1769 910 1828 dicenda
933 1776 1020 1830 erunt
1042 1772 1080 1829 ad
1109 1764 1182 1852 (86)

172 1859 252 1917 miso.
273 1860 322 1917 87.
365 1856 454 1931 Goxe,
479 1855 542 1914 eat.
568 1848 683 1937 (1893)
708 1858 721 1914 Ι
745 1878 772 1933 p.
789 1860 838 1918 59.

100 1954 157 2021 (81)
239 1945 291 2005 01.
310 1947 377 2003 Bar.
400 1948 470 2003 124.
495 1946 538 2004 oh.
564 1937 605 2003 4⁰.
631 1945 658 2003 S.
674 1946 735 2003 XV.
760 1947 836 2004 Ptol.
871 1947 977 2006 Wallis
1001 1949 1132 2026 signavit
1150 1947 1180 2007 G.

173 2034 341 2094 0010200.

104 2130 159 2197 (82)
240 2121 290 2182 Or.
325 2122 439 2180 Selden.
475 2125 515 2181 20
549 2114 634 2201 (olim
664 2116 772 2201 3363).
821 2124 863 2181 oh.
910 2125 959 2181 fol.
998 2124 1025 2181 S.
1046 2125 1115 2182 XVI
1143 2126 1182 2183 in.

173 2212 259 2270 initio
287 2211 418 2269 mutilus,
446 2211 480 2268 de
509 2210 622 2269 calculo
646 2213 743 2268 motus
767 2212 881 2269 solaris.
928 2205 1022 2285 Arx.³,
1046 2213 1182 2288 Alypius.

173 2301 311 2358 desinunt
337 2301 422 2377 signa
450 2301 480 2357 iu
505 2304 575 2358 tono
600 2300 708 2374 aeolio,
741 2304 775 2357 ut
805 2300 839 2357 fit
861 2301 891 2357 in
915 2301 983 2359 Vat.
1009 2304 1080 2361 191.
1134 2303 1182 2360 de·

172 2389 412 2465 pravatissimum
441 2409 508 2446 eum
535 2388 608 2447 dicit
635 2389 722 2446 Meib.
753 2389 783 2445 in
814 2390 906 2464 praef.
929 2390 976 2448 Al.
1026 2392 1062 2448 ef.
1090 2393 1182 2466 praef.

173 2480 242 2535 Arx.
261 2478 322 2535 sub.
341 2476 390 2534 fin.
428 2475 504 2535 Coxe
525 2479 597 2536 596.
621 2476 781 2552 Marquard
801 2478 870 2535 Arx.
890 2479 994 2535 XXIV.
1014 2479 1183 2554 Westphal·

173 2565 273 2624 Garan
296 2568 365 2623 Arx.
388 2556 505 2644 (1893)
530 2563 595 2623 xcl
619 2570 650 2622 et
675 2568 746 2624 108.

239 2652 291 2712 Ox.
315 2654 399 2712 Bodl.
423 2654 504 2711 miso.
525 2655 574 2711 38.
613 2653 640 2711 S.
661 2653 739 2711 XVI.
791 2652 903 2712 Catena
935 2656 969 2713 de
998 2660 1075 2714 aaut.
1103 2660 1182 2716 eant.

102 2743 261 2816 (83)Pselli
285 2744 494 2819 psychogonia.
529 2740 578 2800 Cr.
594 2745 666 2801 641.
704 2736 760 2822 (lb
779 2740 832 2819 μὲν
852 2742 1180 2823 1εγ.-ἆκρότηταε

172 2832 282 2889 Linder
306 2826 348 2912 1.)
385 2831 420 2889 of.
448 2834 517 2890 179.

247 3043 259 3088 1
284 3035 351 3089 Post
374 3035 515 3089 duriorum
534 3034 660 3088 ordinem
675 3036 799 3158 priorem
821 3037 970 3104 (111138)
990 3036 1076 3091 habet
1094 3017 1185 3090 verba

139 3111 140 3115 ’
175 3116 230 3160 τῶν
248 3106 336 3174 ὴθων
369 3106 418 3167 τὰς
436 3114 491 3158 τῶν
510 3105 654 3174 φθόγγων,
694 3106 740 3159 oin
758 3105 898 3174 lydiorum
917 3107 1042 3160 ordinem
1062 3107 1182 3162 alterum

174 3176 270 3231 formis
288 3176 458 3230 acutissimis
477 3180 563 3243 <>,
583 3179 612 3230 et
630 3179 682 3230 eat.

245 3254 260 3299 2
281 3246 373 3301 Codex
395 3247 475 3300 Laud
498 3255 532 3300 44
557 3246 681 3301 continet
704 3246 825 3301 Theonis
845 3247 913 3302 artis
933 3253 988 3302 arrt
967 3248 1043 3302 tbm.
1063 3253 1181 3318 partem,

173 3318 297 3372 mnaioaa
315 3316 383 3371 artis
402 3316 482 3371 nihil.

245 3388 424 3442 abortiones
443 3388 568 3442 diversas
587 3388 652 3442 hino
671 3405 801 3443 excussas
816 3388 977 3444 Holstenius
997 3389 1161 3459 inscripsit
1152 3409 1183 3445 m

173 3459 277 3514 Meursi
296 3459 427 3525 editione,
447 3458 600 3529 exemplari
614 3459 693 3514 Bodl.
713 3460 816 3515 Dorvil.
836 3460 872 3529 X,
884 3467 943 3515 ab.
956 3466 996 3515 10.
1016 3460 1182 3531 (0111196).
