2466 3870
651 115 656 118 ”
691 118 799 131 *⁸⁵*-

420 267 433 287 ·.
503 309 583 380 (All)
602 309 670 365 Veu.
690 310 775 364 Marc.
796 309 834 363 vl
850 314 882 363 10
901 313 930 363 et
948 316 972 365 3.
1165 309 1230 365 XVI

394 474 521 536 67-91
547 477 639 552 Alypi
662 476 796 551 isagoge,

393 564 522 625 92-95
547 563 718 624 Aristoxeni
740 563 887 620 elementa
910 563 1084 637 rhythmica.

295 648 351 708 llis
374 651 489 710 addidit
513 652 574 709 alia
597 668 702 708 manus
726 651 753 710 S.
770 651 839 709 XIV
862 652 893 709 in
917 651 1112 728 marginibus:

364 739 382 796 f.
419 742 523 798 1-16
548 743 686 814 excerpta
709 760 745 798 ex
768 741 908 799 Aristidis
932 741 980 799 lib.
1002 740 1027 813 l,

397 831 525 887 17-34
549 826 722 887 Nicomachi
747 830 838 887 harm.
864 830 877 886 Ι
900 835 930 887 et
954 829 995 904 ΙΙ,

273 975 275 980 .
394 917 522 975 35-43
547 915 669 975 Bacchii
691 918 841 993 isagogen.

296 1003 429 1076 Denique
453 1003 543 1060 tertia
566 1019 671 1062 manus
694 1005 777 1062 cuius
800 1008 999 1062 atramentum
1022 1006 1168 1080 expalluit
1190 1007 1229 1064 ad

228 1090 348 1165 scripsit
371 1084 414 1168 (S.
438 1094 511 1165 puto
535 1088 604 1170 XV)
633 1113 668 1150 er
697 1093 861 1166 Anonymis
892 1093 1090 1151 Bellermanni
1118 1095 1205 1153 alteri
1232 1122 1233 1125 ¹

230 1178 382 1237 doctrinae
407 1171 441 1258 (ξ
461 1177 606 1261 29-66)
632 1184 746 1255 partem
770 1178 789 1255 ξ
810 1183 947 1238 29-57.

296 1266 331 1324 In
359 1267 445 1325 huius
472 1269 523 1327 fol.
546 1270 585 1327 16
610 1287 676 1327 cum
699 1287 789 1326 manu
813 1269 1012 1327 vetustissima
1036 1270 1179 1344 scriptum
1202 1271 1226 1329 si

186 1417 189 1420 ,
230 1353 366 1431 Ζώοιμος
392 1355 527 1436 διώρθου
554 1354 587 1415 ἐν
614 1356 926 1416 Κωνσταντινουπόλει
952 1357 1093 1435 εὐτυχῶς,
1121 1358 1226 1416 fuerun

230 1444 281 1518 qui
303 1449 456 1503 exaratum
480 1445 611 1504 codicem
629 1447 771 1520 putarent
789 1465 878 1505 manu
898 1440 1033 1503 Ζοιίιιιί.ι
1069 1449 1101 1504 at
1120 1445 1203 1504 verb·

229 1530 364 1610 διώρθου
391 1534 511 1591 minime
539 1533 653 1592 indicat
679 1538 833 1592 exaratum
861 1552 922 1591 esse
951 1534 1071 1609 librum,
1100 1535 1151 1593 sed
1178 1554 1229 1594 cor

229 1624 343 1680 rectum
365 1625 396 1679 et
418 1622 449 1680 in
471 1621 624 1679 meliorem
647 1622 780 1680 ordinem
803 1640 865 1680 esse
884 1622 1043 1680 redactum.
1076 1626 1111 1680 nt
1128 1623 1233 1682 scholi

212 1709 359 1786 =qnodam
389 1710 419 1767 in
451 1709 513 1768 cod
543 1709 611 1767 Vat.
639 1713 676 1768 17
682 1712 700 1768 6
731 1714 800 1786 post
829 1713 1036 1788 argumentum
1066 1711 1133 1769 libri
1158 1713 1173 1769 Ι
1205 1732 1221 1770 e

228 1798 394 1862 Ptolemaei
422 1798 600 1858 harmonicis
629 1799 778 1874 adscripto
806 1799 989 1874 Nicephorus
1013 1798 1160 1876 Gregoras
1188 1800 1233 1858 ho

226 1891 321 1951 libros
362 1888 539 1946 recensuisse
578 1888 688 1946 dicitnr
725 1881 954 1967 (διωρθώσατο).
1014 1888 1101 1946 sicuti
1140 1894 1233 1946 ante

225 1980 318 2039 histro.
340 1978 417 2049 322,
444 1976 545 2034 Ambr.
566 1976 590 2032 Ε
613 1979 652 2035 19
677 1977 743 2049 int,
775 1977 848 2034 Bon.
870 1978 953 2036 2048
987 1977 1097 2051 aliique
1126 1977 1233 2036 codice

225 2069 286 2126 hoc
309 2082 328 2121 a
347 2064 462 2122 Zosimo
486 2064 684 2138 subscriptum
705 2085 720 2122 e
741 2070 837 2122 vetere
858 2065 1007 2123 Marciano
1027 2070 1174 2140 repetunt,
1197 2067 1207 2123 i

232 2151 372 2210 facillime
400 2152 447 2210 hic
471 2171 589 2228 quoque
612 2157 744 2228 repetere
774 2153 872 2228 potuit
895 2174 909 2210 e
933 2154 1008 2211 libro
1033 2154 1133 2228 aliquo
1159 2160 1229 2212 retu

230 2241 328 2299 stiore.

296 2328 431 2404 Scriptae
461 2333 530 2387 sunt
559 2330 591 2387 in
620 2330 717 2404 primo
749 2331 940 2405 quaternione
969 2331 1065 2389 lineae
1093 2332 1230 2389 27-28

230 2417 259 2474 in
293 2417 416 2492 reliquis
445 2420 494 2477 20.
545 2437 581 2476 ac
617 2419 736 2493 scripsit
768 2420 845 2476 idem
874 2418 1011 2476 librarius
1038 2420 1123 2477 firma
1151 2437 1220 2476 man

231 2505 347 2564 litteras
375 2505 526 2583 elegantes
554 2510 585 2565 et
612 2506 650 2564 ad
678 2506 834 2584 legendum
858 2506 1039 2581 commodas,
1063 2512 1096 2565 ut
1119 2507 1227 2566 ubieun

231 2613 287 2669 que
311 2598 429 2652 servata
448 2595 509 2653 sint
527 2593 625 2668 verba,
645 2595 716 2669 quid
736 2596 785 2653 ille
805 2596 940 2669 voluerit,
959 2595 1042 2653 nulla
1063 2596 1233 2655 difficultat

230 2682 429 2760 intellegatur.
466 2683 704 2742 membranarum
727 2687 827 2742 autem
850 2702 919 2759 pars
937 2685 1059 2743 humore
1077 2684 1207 2760 deprava
1228 2726 1232 2737 .

230 2775 277 2829 est
304 2763 396 2852 (unde
424 2772 505 2850 rugis
529 2775 666 2861 correpta
690 2772 827 2831 videntur
850 2773 900 2831 fol.
925 2775 1001 2831 nc.
1024 2777 1071 2834 10.
1095 2777 1142 2832 11.
1167 2767 1220 2853 16)

231 2864 261 2917 et
272 2893 313 2901 —
325 2861 404 2936 quod
420 2861 515 2919 multo
535 2861 656 2938 gravius
672 2893 713 2901 —
729 2865 813 2919 setus
828 2862 982 2919 verborum
996 2865 1150 2921 contextus
1165 2864 1225 2921 mul

231 2952 329 3005 tarum
354 2967 494 3007 manuum
518 2949 749 3008 correctionibus
772 2952 904 3007 mutatus
919 2952 949 3008 et
962 2950 1109 3009 laceratus
1124 2956 1175 3008 est.
1211 2953 1225 3009 h

303 3177 316 3223 1
337 3169 482 3224 Fabricius
501 3170 570 3225 bibl
585 3170 631 3226 Gr.
651 3171 689 3224 111
708 3177 759 3225 636
774 3171 850 3226 Harl.
853 3172 1029 3241 Marqnard
1044 3173 1163 3227 Ariston.
1182 3173 1230 3227 lill

230 3240 407 3310 Westphsl
399 3258 429 3294 ιιι
446 3240 575 3296 versione
594 3240 686 3297 Germ.
702 3243 822 3296 Ariston
842 3216 933 3310 (1883)
924 3246 976 3312 ).p
992 3243 1099 3312 XLVII,
1118 3243 1233 3298 Joanne

231 3311 320 3365 Franz
344 3311 378 3365 de
401 3312 509 3366 musica
527 3311 699 3394 Graecorum
719 3313 918 3368 commentatio
936 3313 1026 3370 Berol
1047 3320 1123 3369 1840
1149 3333 1176 3385 p
1198 3321 1231 3369 10

231 3414 266 3422 —
285 3399 394 3438 mecum
412 3383 483 3437 facit
496 3383 607 3438 Metelli
625 3383 675 3453 qui
691 3384 721 3437 in
735 3385 894 3439 Aristoxeni
908 3385 977 3439 artis
992 3386 1166 3454 rhythmicae
1182 3386 1227 3440 edi

230 3453 307 3508 tione
327 3455 453 3522 διώρθου
472 3454 557 3508 vertit
575 3456 740 3510 emertdohct.

303 3531 318 3578 2
337 3525 369 3579 ln
387 3525 492 3580 codicis
511 3525 558 3580 fol.
576 3533 588 3579 l
605 3542 638 3579 er
653 3526 785 3581 Aristidis
801 3528 953 3581 doctrinal
970 3535 985 3582 o
1005 3527 1141 3582 nonnulla
1154 3528 1232 3581 verb

227 3595 294 3664 (γὰρ
318 3597 390 3650 καθ’
411 3596 430 3650 l
450 3596 553 3663 τρόπον
572 3602 626 3664 od.
646 3616 672 3667 p.
694 3604 739 3665 10
754 3614 779 3652 ss
794 3599 833 3664 Μ)
854 3598 1016 3653 calamitate
1036 3599 1132 3668 aliqua
1151 3598 1229 3653 velut

229 3682 305 3735 aqua
324 3665 418 3721 infusa
435 3667 584 3736 perierunt.

284 3767 341 3807 ιιιι.
356 3767 555 3815 ιιιιιιιιιι.
1009 3759 1032 3818 ι)
