2466 3870
104 107 215 163 XLVIII
392 108 438 163 De
452 107 595 163 codicibus
611 65 819 178 manuscriptis.
853 73 861 156 ,ι
982 69 994 159 i,
1103 62 1107 68 -

67 274 91 339 5)
105 276 181 333 sidia
212 294 371 334 ¹accessura
407 292 561 348 sperarem.
617 291 693 330 nuno
728 273 759 329 id
790 273 869 346 dico,
907 271 1109 350 xsignifieari

102 364 230 438 quiaque
264 381 351 421 sonos
384 361 578 418 chromaticos
610 359 687 414 inter
715 377 807 433 genus
836 359 991 419 diatonum
1018 361 1108 419 inter·

101 451 226 523 calatos,
250 467 276 521 φ
299 447 483 506 referendum
506 445 598 502 uideri
622 463 687 502 oum
711 445 813 501 Taetze
837 438 940 524 (quem
963 450 1054 507 citavi
1076 451 1108 507 in

101 530 216 616 annot.)
240 556 267 609 p.
290 537 351 593 102
381 533 418 590 ad
445 530 565 608 φθόροι.
613 532 668 589 hos
696 535 794 589 autem
822 533 951 607 quinque
980 553 1108 595 sonosa

100 623 257 680 Vincentio
277 620 360 677 nulla
379 624 441 678 arte
461 620 563 677 critica
582 622 725 678 tractatos
743 622 858 678 rectene
877 621 980 678 Ruelle
1000 641 1027 696 p.
1044 624 1106 681 535

100 711 210 768 referat
234 708 271 765 ad
299 726 385 766 sonos
408 708 549 785 phrygios
572 709 685 784 reliquo
705 709 805 767 ordine
825 709 980 783 acutiorea
1003 710 1108 768 melius

101 797 244 855 iudicabit
276 798 326 871 qui
360 797 426 855 Vat
453 800 514 857 192
547 797 721 857 adhibuerit.
774 801 937 874 sequuntur
968 798 999 856 in
1030 797 1106 856 Mon.

101 884 150 943 151.
173 888 236 946 990
260 904 307 960 55,
336 904 410 963 5555
435 886 573 945 Vaticani
604 890 664 947 192
693 888 829 946 librarius
863 908 878 945 e
909 887 1049 946 'Phaone
1079 890 1109 944 et

101 973 254 1034 Bacchio
287 977 438 1051 excerpsit
494 995 563 1034 narn
595 976 728 1049 docetur,
760 977 831 1052 quid
863 976 1038 1052 Thrasyllus
1070 975 1105 1033 de

101 1064 225 1123 secando
248 1083 360 1124 canone
384 1056 421 1144 (5.
442 1065 491 1122 35.
517 1057 572 1143 36)
596 1068 627 1121 et
649 1064 683 1121 de
707 1063 853 1141 analogiis
872 1056 1105 1144 (arithmeticam

101 1151 165 1211 dico
189 1154 399 1230 geometricam
420 1146 636 1232 harmonicam)
660 1155 690 1209 55
712 1152 747 1208 (15
770 1151 902 1210 limmate
923 1153 1107 1228 praeceperit

101 1233 196 1320 (Theo
221 1259 243 1299 5.
265 1242 402 1299 35-36.
432 1234 589 1320 33-34),
613 1244 775 1315 sequuntur
797 1241 960 1298 sententiae
984 1242 1105 1301 Bacchii

101 1327 275 1403 §ec-49,
296 1331 433 1402 11-12,
452 1346 525 1404 quaa
539 1328 643 1387 Ruelle
657 1348 683 1403 p.
696 1331 757 1388 609
773 1348 788 1385 5
803 1328 865 1387 555.
881 1320 954 1409 (16)
971 1329 1105 1389 Esooria-

101 1415 175 1474 lensi
198 1416 369 1492 publicavit.
416 1420 447 1474 et
467 1417 554 1475 155115
577 1417 753 1493 perspicitur
774 1416 852 1474 hunc
875 1415 1031 1474 librarium
1053 1435 1106 1474 sua

101 1505 240 1579 petivisse
259 1525 274 1562 e
294 1506 356 1565 cod.
371 1504 439 1562 Vas
457 1507 527 1564 192.
556 1505 658 1563 eadem
677 1505 764 1577 enim,
783 1521 858 1578 quae
877 1502 938 1576 ille,
956 1505 987 1561 et
1005 1508 1108 1578 peccat

102 1597 132 1650 55
154 1593 268 1652 omissis
285 1594 316 1650 in
335 1593 453 1650 Theone
473 1595 523 1665 88,
537 1603 578 1650 21.
600 1595 705 1665 8515.
727 1594 776 1664 90,
786 1602 810 1649 a.
831 1593 882 1665 85,
893 1602 935 1650 ao.
956 1601 997 1649 51..
1019 1594 1069 1664 86,
1079 1605 1103 1652 5.

102 1683 176 1740 5551
195 1681 267 1756 quid
286 1681 327 1738 ibi
346 1681 422 1738 male
441 1680 583 1754 scriptum
602 1682 674 1753 erat,
696 1680 758 1754 ipse
773 1697 897 1754 pravam
915 1680 1034 1739 exhibet
1051 1680 1108 1740 leo·

104 1770 223 1842 tionem,
246 1772 281 1826 ut
302 1777 393 1826 πᾶσιν
417 1771 525 1841 8517,
548 1767 706 1827 &saturatos
729 1770 837 1845 λῆμμα,
860 1787 997 1829 numeros
1016 1771 1067 1843 86,
1082 1781 1106 1829 8.

104 1869 143 1916 15.
157 1871 197 1931 16,
211 1856 285 1937 πρὸς
298 1877 351 1932 pro
366 1853 427 1935 τρὶς
442 1859 544 1928 86,11.
580 1856 699 1915 Bacchii
718 1875 834 1933 quoque
854 1856 1020 1917 doctrinam
1038 1859 1106 1916 inde

101 1947 218 2003 fluxisse
241 1946 322 2004 vides
345 1965 381 2003 ex
403 1945 455 2002 illo
479 1943 578 2015 λύδιος
601 1943 681 2028 πόσῳ
704 1937 772 2026 (Itu
797 1965 863 2004 anu.
883 1939 919 2025 s.)
939 1950 969 2004 55
987 1967 1022 2004 ex
1041 1948 1105 2022 ipso

101 2035 315 2092 sententiarum
334 2034 441 2092 ordine.
474 2034 609 2107 peccavit
627 2038 726 2091 autem
745 2035 795 2108 qui
813 2036 886 2092 haec
905 2036 1108 2110 transscripsit

101 2124 132 2181 in
164 2122 244 2194 τάσις
272 2115 340 2202 (115
369 2141 415 2179 55.
444 2113 487 2201 b),
525 2121 697 2204 τριημιτόνῳ
726 2115 779 2201 (5)
830 2142 906 2196 5555
938 2128 1037 2181 tamen
1071 2124 1105 2181 55

101 2216 172 2270 tono
204 2211 369 2286 hypodorio
402 2211 516 2268 omittit
538 2211 649 2281 115555,
684 2229 719 2268 55
746 2210 863 2268 exhibet
885 2211 963 2269 Mon.
992 2212 1109 2286 plenior

102 2301 298 2359 Escorialensi
326 2301 403 2357 idern
429 2304 473 2356 est
495 2300 525 2356 in
549 2298 568 2374 ᾖ
589 2304 606 2358 6
631 2293 704 2379 (exc.
728 2319 763 2356 ex
785 2299 818 2356 B.
841 2294 905 2380 11),
929 2319 998 2358 nam
1023 2303 1107 2376 quin-

102 2409 158 2464 que
186 2389 428 2463 symphoniarum
456 2389 540 2464 signa
568 2389 685 2445 exhibet
707 2388 784 2446 siout
806 2387 873 2445 Vat.
899 2381 979 2468 (vide
1004 2384 1105 2470 infra).

102 2478 286 2554 diagramma
309 2480 408 2534 autem
432 2481 569 2554 tonorum
592 2478 712 2534 omittit.
733 2477 919 2552 -denique
940 2478 1031 2551 idem,
1055 2481 1105 2553 qui

101 2566 229 2641 priorem
261 2565 369 2623 codicis
402 2569 516 2638 partem
546 2565 734 2639 probaverat,
767 2566 883 2624 uidetur
912 2567 960 2624 hio
989 2586 1105 2642 quoque

101 2653 269 2728 ascripsisse
287 2649 415 2728 ἕξισώθη
435 2657 473 2734 τῷ
492 2650 596 2712 ἑαυτοῦ
610 2652 796 2736 apotastare).
821 2654 955 2728 sequItur
967 2654 1104 2730 Hephae-

101 2742 205 2801 stionis
232 2742 415 2800 enchiridion
443 2760 460 2798 a
486 2743 573 2800 tertio
598 2743 717 2800 librario
742 2743 890 2816 scriptum.
917 2776 958 2784 —
982 2744 1017 2802 51.
1042 2746 1105 2803 555.

104 2835 152 2891 16.
173 2832 222 2889 36.
245 2832 329 2888 149⁸.
354 2829 447 2888 Catal.
471 2831 568 2888 Hardt
586 2831 600 2888 I
621 2852 648 2905 p.
670 2833 730 2889 551
756 2834 786 2888 55
808 2829 888 2888 Jahn
907 2832 937 2889 in
956 2830 1105 2901 15111.

101 2919 325 2995 diligentissime
354 2919 481 2977 excussit
507 2921 636 2994 mihique
664 2920 817 2978 schedulas
840 2919 1004 2978 liberaliter
1026 2940 1104 2980 com-

102 3007 237 3067 modavit
258 3007 295 3064 H.
315 3007 439 3066 Deiters.

67 3093 87 3157 3)
167 3095 352 3154 Monacensis
377 3098 447 3156 159.
484 3096 579 3154 bomb.
608 3096 657 3153 fol.
687 3096 714 3154 S.
734 3096 811 3154 XIV.
853 3096 990 3155 Laertius
1018 3098 1105 3175 Diog.

102 3184 292 3260 prooemium.
348 3185 408 3242 alia
440 3185 544 3242 Sextus
576 3183 686 3259 Empir.
720 3186 784 3243 adv.
817 3186 955 3244 mathem.
1006 3185 1104 3244 Hardt

67 3358 88 3422 ἵ)
168 3361 282 3419 Monac.
304 3362 375 3420 193.
399 3362 490 3420 chart.
515 3362 563 3419 fol.
589 3361 616 3419 S.
636 3362 706 3419 XVI
724 3363 758 3420 A.
783 3359 920 3420 Darmari
943 3382 1009 3422 cum
1032 3383 1105 3425 corr.

102 3469 194 3527 marg.
217 3450 380 3508 Ptolemaei
403 3450 494 3508 harm.
519 3450 557 3507 ad
580 3449 693 3509 11116.
718 3479 759 3492 —
783 3450 880 3509 Hardt
899 3452 928 3508 II
944 3454 1034 3512 263.
1088 3469 1091 3475 ·
