2466 3870
504 151 622 220 eiusque
642 153 730 207 libris¹
1064 148 1130 210 ‘213

103 314 143 379 de
164 312 290 396 nuptiis
307 311 513 403 Philologiae
535 320 570 381 st
587 315 748 381 Mercuri¹
770 315 855 381 liber
872 312 946 399 VH,
970 336 1034 400 quo
1058 334 1132 379 cou-

104 421 229 484 tinetnr
251 441 305 486 ars
326 421 548 508 arithmetica,
566 460 611 471 —
634 420 726 487 nulls
746 422 856 485 tamen
878 420 1037 487 eiusmodi
1059 420 1133 487 doc

104 526 192 591 trins
218 526 329 612 plures
354 533 452 596 nacta
479 533 531 595 est
558 532 617 593 aut
645 527 827 593 imitatores
848 530 907 591 sut
929 526 1132 613 interpretes,

104 632 195 699 nulla
225 657 370 721 unquam
401 633 583 701 maioribus
611 632 763 699 laudibus
792 630 922 699 sublata
953 637 1001 699 est
1033 654 1132 717 quam

105 742 237 831 isagoge
267 743 473 809 arithmetica
495 740 699 807 Nicomachi.
746 739 970 807 Cassiodorius
992 739 1132 825 quidem,

105 851 162 935 qni
189 850 275 915 hanc
300 853 404 915 artem
433 852 466 914 et
494 850 563 935 ipse
590 851 779 935 profitetur,
805 848 866 915 sub
894 848 992 913 finem
1019 868 1132 913 eorum

105 978 188 1043 quse
219 956 259 1021 de
290 956 497 1023 arithmetica
533 978 574 1023 ex
606 956 705 1023 huius
735 956 830 1021 libris
861 954 1030 1041 excerpsit,
1056 954 1132 1021 dili-

101 1070 210 1149 petor
240 1063 288 1129 eit
317 1061 401 1128 tone
431 1067 533 1129 artem
557 1064 648 1145 apud
675 1060 813 1129 Graecos
840 1062 1049 1129 Nicomachus
1080 1082 1131 1129 cx·

98 1171 215 1255 posuit
263 1170 347 1235 hose
370 1170 517 1253 primm
543 1168 774 1237 nausees
802 1168 990 1253 Appsdeiua
1022 1170 1133 1235 sirus

12 1301 18 1309 ·
104 1278 292 1362 moysiticus
320 1277 373 1343 cir
397 1274 529 1343 Boetius
560 1276 661 1343 latim
686 1296 826 1343 mmosc
852 1275 1041 1342 trmslnam
1068 1274 1132 1341 Ro-

104 1387 212 1451 masis
232 1383 362 1451 wstulit
379 1382 589 1450 notassem
627 1387 660 1449 st
677 1382 835 1449 habemus
851 1404 913 1449 nos
930 1382 1016 1449 hsnc
1032 1382 1133 1449 arith-

105 1492 256 1559 meticam
292 1490 533 1557 institutionem
570 1490 699 1557 duobus
734 1490 830 1557 libris
865 1490 906 1556 ad
939 1488 1133 1557 Nicomachi

105 1598 271 1684 exemplar
292 1598 488 1685 detinentem
508 1598 677 1685 ipsiusque
694 1597 790 1665 Boeti
808 1598 977 1665 sententiis
995 1602 1134 1684 auctam,

109 1744 147 1755 -
173 1705 331 1772 habemus
366 1704 502 1771 esndsm
538 1709 645 1773 artem
679 1704 804 1773 Graeco
835 1726 983 1771 sermone
1014 1707 1133 1771 iterum

107 1813 302 1899 explicatam
325 1816 359 1878 et
379 1814 495 1877 contra
513 1811 654 1880 aliorum
672 1813 774 1879 veluti
792 1812 939 1879 Euclidis
957 1813 1133 1879 sententias

107 2060 242 2115 maguam
278 2044 389 2114 partem
421 2042 531 2114 recepit
564 2042 652 2098 etiam
684 2042 856 2113 Smyrnaeus
888 2042 966 2097 Theo
998 2041 1028 2096 in
1059 2058 1130 2097 mus.

107 2132 131 2170 c.
150 2119 266 2170 40-49.
309 2114 339 2168 in
363 2114 479 2197 magnis
504 2114 595 2185 igitur
612 2116 703 2198 'rebus
728 2114 905 2205 conspirapt,
933 2113 963 2168 in
985 2112 1132 2204 vocabulis

106 2184 959 2338 sortitasttuhsth„estense
979 2185 1133 2337 ,Ξῖΐήᾟῖἰξ

107 2345 238 2384 numeros
257 2345 275 2383 a
295 2326 386 2399 pellet
404 2328 596 2384 Nicomachus
616 2330 691 2385 111(
712 2332 753 2399 (et
771 2328 848 2384 Theo
863 2328 925 2400 ipse
941 2331 993 2398 17).
1030 2344 1065 2382 ex
1083 2344 1134 2381 ns-

109 2401 172 2456 dem
197 2347 325 2455 fonudus
348 2398 473 2470 plurima
497 2416 546 2455 eos
569 2400 699 2456 hausisse
722 2400 807 2456 facile
827 2417 844 2455 a
864 2402 954 2472 paret.
992 2398 1134 2470 disposuit

107 2475 204 2527 tamen
222 2470 365 2526 domnnas
385 2470 487 2526 melius
502 2471 588 2542 Theo,
608 2473 659 2542 qui
677 2473 713 2528 de
727 2471 851 2544 simplici
871 2490 905 2527 us
920 2471 1045 2527 numeris
1058 2487 1132 2541 quae

108 2543 235 2599 habebat
253 2542 336 2597 initio
355 2542 483 2597 absolvit
501 2547 573 2614 (cap.
590 2549 676 2598 1-31
697 2562 782 2613 quam
800 2546 912 2615 partem
930 2543 1026 2598 serunt
1043 2542 1132 2597 arith-

110 2615 268 2685 meticam),
296 2615 333 2670 de
360 2614 487 2686 plurium
514 2632 695 2670 numerorum
722 2615 882 2670 rationibus
904 2614 951 2670 vel
974 2614 1066 2685 logois
1090 2614 1132 2667 di·

110 2687 201 2742 cende
233 2686 322 2828 reicit)
346 2685 378 2741 in
409 2685 504 2741 locum
536 2687 723 2758 posteriorem
750 2690 787 2758 (p.
812 2692 845 2741 77
868 2685 973 2756 Hiller‚
1005 2686 1064 2741 sive
1097 2685 1133 2740 de

111 2757 219 2813 musice
237 2775 260 2814 c.
278 2763 329 2815 17.

180 2837 193 2885 1
214 2829 373 2885 Mortuum
392 2828 512 2901 Capella
530 2846 549 2885 a
567 2828 810 2901 Pythagoreorum
828 2829 910 2884 vanis
929 2828 1130 2900 speculationi-

107 2901 160 2958 bus
179 2901 289 2957 alienns
308 2901 455 2957 meliorem
474 2905 566 2956 artem
584 2901 754 2983 conscripsit
771 2918 858 2972 quam
877 2900 1066 2956 Nicomachus
1083 2900 1130 2956 vel

107 2973 185 3029 Theo
217 2974 263 3029 vel
292 2973 443 3043 qnisquam
470 2976 607 3028 veterum.
654 2975 716 3043 agit
743 2973 818 3028 enim
840 2972 893 3027 VII
918 2978 968 3027 746
997 2972 1032 3027 de
1060 2972 1130 3028 locis

108 3045 259 3115 (versibus)
278 3045 382 3114 quibus
402 3044 618 3118 distinguantur
637 3044 781 3114 monades,
800 3044 930 3107 decades,
950 3045 1132 3111 hecontades‚

109 3122 160 3172 748
184 3117 220 3173 ds
242 3116 360 3188 paribus
386 3118 512 3173 numeris
530 3120 560 3173 et
578 3117 749 3188 imparibus,
773 3122 825 3171 760
844 3116 880 3171 de
899 3116 1063 3186 compositis
1082 3120 1133 3171 aut

106 3204 158 3259 per
176 3205 206 3243 se
226 3189 277 3242 aut
294 3188 368 3245 inter
386 3205 426 3257 se,
449 3194 502 3244 766
521 3188 557 3243 de
577 3188 718 3260 perfectis,
739 3193 791 3243 764
810 3187 845 3243 de
863 3187 962 3260 figuris
981 3187 1131 3260 geometri-

108 3261 161 3329 cis,
186 3265 238 3315 767
257 3260 293 3315 de
311 3260 480 3316 rationibus.
518 3260 586 3315 inde
605 3278 623 3314 a
643 3266 694 3316 768
714 3259 751 3314 ad
771 3278 853 3314 usum
870 3276 1052 3315 numerorum
1070 3258 1130 3314 ani-

109 3350 186 3387 mum
205 3330 339 3400 advertit,
359 3333 394 3388 de
412 3331 633 3403 multiplicando
653 3336 682 3386 et
699 3331 863 3402 replicando
878 3330 906 3401 (i.
922 3348 945 3386 6.
966 3330 1131 3400 dividendo)

109 3403 190 3459 varia
203 3403 352 3475 praecipit,
367 3422 386 3459 a
401 3410 453 3460 '184
467 3404 600 3459 binorum
614 3420 793 3459 numerorum
807 3420 969 3459 communes
985 3420 1130 3459 mensures

107 3474 227 3546 quaerit.
260 3492 435 3616 puapnquam
454 3476 676 3549 theologumena
694 3476 750 3531 ista
768 3493 804 3531 ne
823 3474 997 3531 ahtartiano
1016 3476 1130 3545 quidem

108 3552 258 3616 (res-741
291 3564 308 3602 a
330 3552 403 3605 sunt.
