2466 3870
667 242 755 253 -.ι-

490 479 508 486 --
567 400 925 516 (ιι)·ιιιιιοιιιιιιι”·
1051 388 1056 394 ³
1148 428 1211 496 1111

194 610 306 669 tabulis
336 604 425 693 (isag.
455 632 478 673 c
503 605 538 693 4)
576 611 686 670 omissa
723 608 874 686 supplevit
904 608 953 668 vel
983 608 1206 669 harmoniarum

196 698 307 775 species
330 693 368 780 (c
389 693 424 783 9)
452 705 484 760 et
510 698 652 758 tredecim
680 701 768 757 tonos
791 691 828 778 (c.
850 688 906 778 12)
933 697 965 756 in
988 698 1141 758 meliorem
1163 716 1208 758 or-

197 788 294 847 dinem
325 783 469 867 redegit¹,
500 788 570 845 hinc
601 785 694 844 eiiam
728 786 841 846 factum
873 804 935 846 esse
967 790 1054 862 puto,
1082 791 1118 846 nt
1143 805 1210 846 cum

198 876 291 954 Pappi
309 877 460 938 codicibus
478 893 537 932 non
556 875 660 950 paucis
678 876 751 936 locis
764 876 793 935 N
807 868 1001 937 consentiat²
1029 893 1210 952 quamquam

199 966 374 1042 quibusdam
398 965 471 1023 locis
493 962 571 1023 bono
595 966 758 1042 archetypo
780 966 825 1025 uti
848 965 975 1042 ridetur,
997 970 1033 1024 ut
1054 965 1086 1025 in
1110 960 1210 1041 ὁμοιο-

199 1053 262 1113 ilov
286 1058 393 1128 191‚1
422 1055 454 1109 et
479 1052 511 1108 in
539 1054 593 1112 illo
622 1053 649 1112 εἰ
675 1052 741 1131 περὶ
768 1050 832 1124 ἅξις
857 1054 963 1128 195‚o
991 1059 1023 1113 et
1049 1054 1111 1114 illis
1134 1070 1210 1129 quae

199 1143 284 1201 docet
305 1141 342 1198 de
364 1139 516 1198 metabole
533 1162 561 1218 p.
583 1142 713 1215 205,13.
750 1141 824 1200 haec
845 1143 871 1199 si
892 1144 1064 1218 respexeris,
1087 1159 1211 1219 quaeres

201 1248 237 1287 ιιι
258 1228 375 1287 dnobus
396 1228 529 1289 fontibus
548 1231 597 1290 hic
614 1229 643 1289 N
661 1248 733 1287 usus
756 1230 803 1287 sit
843 1247 877 1287 ac
900 1231 1075 1289 sectionis
1097 1231 1211 1289 fontem

202 1316 250 1392 qui
262 1316 424 1393 diligenter
436 1319 627 1394 examinavit,
646 1319 673 1377 is
686 1318 779 1376 alium
793 1316 906 1376 fontem
921 1319 1078 1393 praeterit
1093 1319 1211 1377 subesse

202 1423 257 1465 uou
283 1408 385 1482 potest
405 1424 523 1484 negare.
563 1425 634 1466 nam
657 1425 717 1467 non
740 1406 837 1467 solum
859 1406 976 1464 litteras
998 1406 1029 1464 in
1053 1407 1166 1480 protasi
1191 1407 1210 1464 8

203 1492 430 1554 demonemauda
460 1495 489 1554 N
525 1495 617 1554 habet
654 1497 800 1573 integras,
835 1495 1086 1573 diagrammatom
1117 1494 1212 1552 lineas

203 1582 293 1641 molto
320 1582 427 1641 melius
456 1601 545 1658 quam
568 1578 614 1641 Μ’
636 1584 785 1659 describit,
809 1584 847 1641 sd
869 1584 917 1662 fig.
939 1584 979 1642 15
1003 1600 1089 1642 veras
1111 1601 1213 1640 nume·

204 1690 299 1731 rorum
326 1670 459 1730 rationes
486 1675 626 1746 annotat,
654 1672 702 1750 fig.
725 1675 765 1732 17
793 1674 825 1730 et
849 1673 889 1732 18
916 1673 947 1729 iu
975 1671 1006 1728 N
1033 1671 1213 1747 depravatas

203 1760 250 1820 ille
271 1760 413 1820 restituit
454 1760 668 1835 peritissimum
691 1779 789 1818 rerum
807 1759 1086 1818 mathematicamm
1104 1760 1213 1819 dixeris

203 1850 277 1910 tunc
296 1849 457 1923 hominem,
480 1849 530 1924 qui
554 1849 656 1907 omnia
678 1851 765 1906 tanta
786 1847 919 1906 sollertia
940 1848 1150 1907 emendaverit
1181 1851 1214 1907 at

204 1939 252 2013 qui
277 1938 409 1997 codicem
435 1937 464 1996 N
492 1937 624 2014 scripsit,
651 1956 712 1997 non
738 1937 801 2013 ipse
828 1936 884 1995 hac
911 1936 999 1995 lande
1028 1936 1137 2015 dignus
1159 1940 1213 2009 est,

204 2027 309 2102 quippe
338 2027 389 2101 qui
416 2025 501 2085 falsis
529 2027 601 2086 locis
629 2027 729 2085 omnis
756 2026 975 2104 diagrammata
1002 2027 1148 2101 posuerit,
1179 2029 1214 2083 ut

204 2113 248 2191 fig.
268 2116 310 2174 18
337 2118 435 2173 exstet
456 2134 547 2190 prope
571 2116 706 2190 protasin
730 2118 758 2175 8.
801 2106 867 2195 (qui
890 2117 991 2173 autem
1017 2134 1070 2174 suo
1093 2115 1213 2192 ingenio

206 2200 334 2262 Euclidis
359 2202 580 2280 diagrammata
607 2204 753 2278 restituit,
784 2203 810 2262 is
840 2203 974 2279 profecto
1001 2222 1055 2263 suo
1083 2203 1212 2279 quidque

206 2290 266 2351 loco
293 2283 477 2372 collocarit)
527 2309 603 2367 quae
631 2310 699 2351 curn
726 2292 771 2350 ita
797 2292 870 2368 sint,
897 2293 922 2350 si
951 2291 980 2350 Ν
1008 2292 1095 2350 fluxit
1120 2311 1155 2349 ex
1183 2291 1213 2348 Μ

205 2379 398 2439 intercessisse
426 2383 546 2455 oportet
571 2380 651 2439 inter
677 2399 728 2439 eos
755 2381 848 2439 alium
875 2381 1019 2455 codicem,
1047 2400 1134 2456 quem
1161 2380 1213 2455 qui

206 2467 365 2542 confioeret,
388 2487 456 2526 enm
479 2469 553 2526 artis
575 2469 805 2528 mathematicae
828 2470 918 2528 fuisse
941 2470 1078 2545 peritum,
1110 2470 1213 2543 itaque

206 2556 337 2630 quamvis
350 2574 461 2632 magns
474 2556 639 2615 similitudo
654 2558 723 2616 huic
737 2576 803 2616 cum
813 2558 843 2614 Μ
857 2557 1031 2630 intercedat,
1045 2576 1104 2631 quo
1118 2557 1213 2634 magis

207 2662 249 2703 res
275 2643 438 2720 perpendo,
467 2662 501 2702 eo
529 2646 626 2721 magis
654 2646 770 2704 suimus
797 2645 935 2718 inclinat,
962 2649 998 2702 ut
1026 2665 1061 2703 ex
1088 2645 1118 2702 Μ
1147 2664 1212 2703 eum

206 2749 335 2791 manasse
371 2750 477 2808 negem
513 2750 549 2791 ac
584 2735 738 2809 proprium
773 2733 874 2809 potius
904 2753 1029 2809 eumque
1063 2735 1212 2811 egregium

206 2820 314 2880 fontem
335 2820 480 2879 librorum
503 2822 712 2882 Euclideorom
735 2821 839 2881 dicam.

267 2909 334 2969 Duo
356 2911 458 2968 autem
476 2910 610 2970 homines
633 2911 723 2985 docti,
746 2912 797 2986 qui
821 2912 959 2971 scholia
981 2911 1012 2968 in
1032 2911 1214 2989 marginibus

206 2998 308 3072 prioris
325 2999 421 3074 partis
439 3000 648 3075 ascripserunt,
665 2999 735 3059 huic
754 3018 870 3076 quoque
889 2999 976 3058 alteri
995 3001 1075 3074 parti
1094 3018 1214 3075 operam

206 3085 416 3162 impenderunt
453 3091 489 3145 ut
509 3108 537 3163 p.
560 3090 663 3163 181,ι
682 3090 713 3146 in
733 3108 790 3166 mg.
810 3089 836 3147 is
854 3089 905 3163 qui
924 3088 1087 3146 minoribus
1106 3089 1214 3148 litteris

206 3175 298 3234 utitur
324 3175 442 3233 addidit
469 3177 598 3255 βαρύτης
627 3175 682 3255 μέν
704 3175 764 3237 ἔστι
787 3176 819 3237 τὸ
843 3171 884 3236 δι’
909 3174 1035 3248 ἀνέσεως
1057 3176 1214 3255 γινόμενον

206 3260 395 3342 halierpr,
428 3267 459 3322 et
492 3269 597 3346 182,1
631 3264 682 3324 sui
709 3263 817 3342 διέσιν,
845 3271 876 3324 et
910 3284 997 3325 sonos
1030 3267 1080 3341 qui
1113 3267 1214 3325 omissi

207 3357 289 3411 eraut
323 3356 472 3412 corrector
498 3347 659 3430 'supplevit
697 3356 834 3429 182,13.
883 3354 920 3412 ad
956 3357 1081 3429 186,14
1114 3360 1212 3414 autem

222 3546 225 3551 ·
275 3528 287 3576 1
307 3520 371 3577 Huc
388 3536 489 3577 revoco
510 3527 568 3590 188,
583 3540 608 3578 ιι
628 3523 678 3577 καὶ
696 3523 790 3591 soros,
810 3540 835 3578 ιι
849 3518 884 3578 ’ἐν
903 3524 1027 3600 ἀριθμῷ,
1048 3529 1107 3591 194,
1117 3541 1142 3579 ιι
1162 3527 1215 3596 δίς,

210 3596 265 3661 ιιι,
280 3609 305 3647 ιι
322 3600 385 3658 ιιι,
403 3597 465 3662 sor,
480 3609 506 3648 10
524 3588 653 3668 ἕιαιὲρῳ.

273 3668 290 3717 i
309 3662 339 3717 P.
360 3668 522 3732 186‚11.22.
549 3669 607 3733 187,
623 3682 656 3720 17.
679 3672 738 3733 1⁹0,
754 3682 780 3720 ιο
802 3666 937 3735 διαιρέσει
961 3669 990 3720 et
1013 3686 1157 3738 τιταρτημ.
1177 3667 1213 3723 nl.

208 3733 337 3789 differunt
363 3739 457 3789 autem
483 3737 597 3804 praeter
620 3737 737 3791 titulum
760 3740 789 3791 et
812 3737 984 3808 prooemium
1010 3737 1039 3791 in
1065 3743 1128 3809 181,
1144 3756 1213 3794 ι-ι.

209 3810 257 3860 tto
278 3821 298 3860 r.
323 3810 373 3860 187
397 3822 430 3861 ιι
455 3810 507 3860 188
536 3821 606 3862 ars.
622 3825 655 3865 ιι.
682 3813 972 3864 interciatam.
998 3813 1045 3863 181
1072 3825 1092 3863 ι.
