2466 3870
558 116 767 131 -ᾘ-

651 299 837 397 neuma.

544 502 622 568 XIX
663 502 722 589 (16
768 508 801 568 et
844 502 915 591 39¹)

679 609 723 672 20

678 716 721 776 22
778 766 795 796 „
845 715 887 777 45

665 819 724 906 <2⁴
776 873 793 903 ,,
844 818 902 905 42)

680 927 722 989 25
778 978 794 1009 „
844 928 903 989 44·

681 1035 724 1098 26
779 1085 796 1115 „
846 1034 889 1097 46

680 1141 721 1203 27

682 1246 726 1310 30
779 1295 796 1327 „
846 1244 890 1309 48

682 1352 726 1417 34
780 1403 798 1435 ,,
847 1351 899 1414 41.

243 1480 282 1525 en
304 1456 368 1523 XII
391 1458 489 1543 paria,
512 1479 651 1542 quorum
675 1455 739 1521 Vll
762 1478 801 1521 ex
825 1457 935 1520 eedem
957 1455 1048 1520 fonte
1071 1456 1116 1520 ita
1138 1455 1233 1521 haus

240 1568 331 1651 sunt,
352 1568 391 1627 ut
414 1569 446 1628 et
468 1565 615 1649 quaestio
640 1568 673 1628 et
696 1563 816 1628 solutio
841 1563 914 1627 inde
937 1562 1128 1628 effluxerint.
1174 1586 1233 1648 qur

241 1676 349 1737 tamen
376 1672 502 1736 uncinis
529 1671 660 1756 inclusi,
689 1692 800 1734 eorum
823 1671 1028 1753 quaestiones
1051 1670 1231 1735 concorden

242 1799 395 1863 responsa
418 1777 608 1862 discrepant.
649 1776 772 1841 habent
795 1778 893 1841 etium
917 1777 959 1841 20
983 1781 1015 1840 et
1038 1779 1079 1842 27
1104 1798 1233 1861 quaer:

242 1883 421 1969 spondeant
444 1905 516 1948 eum
540 1885 575 1949 in
598 1886 787 1969 quaestione
810 1887 880 1948 tum
903 1884 937 1947 in
960 1884 1134 1948 solutione:
1157 1887 1199 1950 36
1229 1913 1233 1942 =

243 1992 293 2056 29.
330 1990 387 2055 sed
410 1990 580 2074 reliquaX
603 1992 695 2074 paria
715 1991 761 2054 ita
779 1993 856 2054 sunt
875 1990 1061 2074 constituta,
1084 1995 1121 2054 ut
1139 1992 1227 2075 prior

242 2096 344 2162 lineae
362 2096 563 2181 problemata
576 2097 643 2161 sint
658 2097 777 2180 brevia,
796 2096 928 2161 alterius
943 2097 1065 2161 ordinis
1079 2098 1233 2162 solution

244 2204 405 2289 copiosius
432 2204 499 2268 sint
526 2205 699 2287 expositae.
746 2202 863 2268 herum
891 2202 950 2290 (20
968 2208 1000 2268 et
1020 2203 1078 2291 27)
1105 2203 1183 2269 ordo
1211 2228 1233 2268 ll

243 2332 354 2375 versus
382 2311 521 2394 videtur,
549 2315 586 2373 ut
612 2311 654 2374 29
678 2311 778 2394 priori
804 2311 960 2398 syllegae,
989 2314 1030 2376 27
1054 2310 1223 2396 longiuse

244 2418 387 2502 pesitum
414 2417 585 2501 posteriori
613 2416 834 2500 adnumerem,
863 2419 959 2482 etiam
983 2420 1025 2483 36
1049 2417 1218 2482 fortasse'

244 2523 358 2608 ordini,
377 2525 421 2588 20
438 2521 514 2587 huic
531 2523 758 2588 ascribendum
777 2526 965 2608 putaverim.
1001 2524 1033 2588 id
1052 2524 1223 2589 manifeste

245 2630 380 2715 ridetur,
403 2630 574 2693 conflatam
592 2650 663 2694 esse
681 2628 766 2694 hanc
789 2631 963 2695 sectionem
983 2653 1000 2695 e
1019 2631 1143 2696 duabus
1162 2632 1233 2716 syll

245 2738 294 2825 gis
319 2737 444 2801 diversa
468 2737 593 2801 ratione
615 2736 781 2801 confectis.

311 2844 362 2908 Ex
385 2844 450 2908 illis
473 2846 581 2907 autem
604 2843 741 2930 syllogis
766 2844 892 2908 saecule
917 2844 982 2908 fere
1001 2843 1032 2907 V
1051 2845 1100 2908 vel
1119 2844 1165 2909 VI
1185 2845 1232 2931 (se

244 2950 319 3015 licet
341 2954 416 3034 pest
438 2954 584 3033 tempora
606 2948 782 3036 Athenaei)
806 2950 939 3014 Richter
961 2954 1056 3033 putat
1078 2950 1224 3015 coniectu

247 3079 315 3122 esse
342 3079 457 3140 corpus
486 3056 565 3119 illud
589 3056 763 3121 XXXVIII
793 3058 983 3140 sectionum,
1013 3079 1085 3121 cum
1108 3057 1231 3122 librarii

246 3163 375 3248 quidam
394 3163 565 3250 colligendi
583 3165 695 3247 petius
715 3187 810 3248 quam
830 3162 1078 3248 philosophandi
1096 3166 1230 3231 studiosi

247 3293 328 3354 quae
361 3270 480 3354 ubique
512 3271 688 3335 invenisset
716 3271 918 3356 problemata
946 3272 1100 3355 arriperet
1128 3276 1160 3336 et
1188 3295 1224 3337 ee

246 3377 409 3442 scriberet.
459 3399 517 3441 nec
554 3382 662 3442 tamen
700 3379 787 3443 omni
825 3377 959 3443 consilio
997 3377 1171 3443 destitutus
1208 3379 1229 3444 h

247 3484 412 3549 materiem
431 3485 603 3571 congessit,
617 3485 673 3549 sed
692 3490 883 3572 argumenta
902 3485 1027 3549 diversa
1045 3489 1174 3550 secutus
1194 3509 1227 3550 re

246 3592 327 3679 egit,
354 3614 492 3676 namque
515 3593 609 3656 initio
633 3593 674 3657 ab
698 3597 769 3656 arte
792 3592 914 3656 medica
942 3593 1027 3657 facte
1051 3591 1231 3676 problemat

247 3698 312 3764 huc
334 3699 554 3783 spectantibus
573 3698 652 3764 X1V
674 3699 777 3764 libres
800 3699 947 3783 explevit.
990 3699 1064 3764 dein
1082 3699 1122 3763 ad
1141 3700 1230 3763 math
