2466 3870
97 64 275 195 TLgXXXIV
360 167 361 170 ,
418 86 469 164 ¹De
488 108 632 163 codicibus
651 108 856 179 manuscriptis.

95 277 153 334 ιι.Ι
172 282 190 338 9
215 297 242 352 p.
264 269 364 354 2211)
388 274 459 332 ordo
482 273 514 331 iu
537 273 565 331 U
587 272 723 331 turbatus
742 277 793 331 eat
832 276 936 350 incipit
952 279 1072 353 qnidam
1090 282 1143 354 itu,

94 368 121 434 4)
134 370 170 424 ut
192 366 222 422 in
246 362 342 438 prima
366 361 445 418 linea
462 358 580 437 legatur
598 375 619 417 α
636 358 758 436 λυδιστί,
782 362 800 433 β
818 360 938 439 δωριστί
954 369 985 423 ο1
1002 373 1144 443 sequatur

132 455 285 530 signorum
310 450 350 505 24
375 449 421 506 vel
444 450 484 505 27
509 447 598 505 series
620 447 802 526 longissima,
825 450 912 508 sicuti
935 452 1016 512 videa
1039 475 1054 513 e
1077 457 1139 514 cod.

134 541 232 597 Eacor.
256 536 436 610 descriptum
459 535 539 610 apud
561 535 801 596 Bellermannum
822 539 855 595 in
877 538 980 597 tabula
1004 542 1031 597 5.
1073 547 1144 601 suut

133 629 233 684 autem
255 624 352 698 prima
375 623 461 701 signa
483 625 568 684 haec:
591 642 629 698 ρ·
653 649 684 705 γ,
711 629 850 686 curvatae
872 627 941 686 dein
958 631 1028 686 sunt
1046 629 1142 688 lineae

133 715 163 771 in
186 713 271 771 doria
294 714 366 771 nota
392 714 425 770 7·
445 704 484 796 (Ε
506 733 560 790 pro
585 707 633 796 Ε),
658 716 717 792 lyd.
743 708 785 791 7¹³,
808 716 869 775 dor.
894 708 929 775 5¹³
952 707 990 798 (C
1007 736 1060 793 pro
1082 712 1141 793 <),

132 803 204 859 item
231 801 315 877 phry.
345 794 393 877 51,
432 801 465 862 in
495 804 595 864 mirol.
622 798 656 863 1b
685 806 716 864 hi
745 824 845 865 omnes
874 806 986 865 habent
1013 806 1141 865 formam

132 891 328 950 minusculam
355 891 383 966 ζ,
411 893 555 952 omittunt
582 894 649 952 mir.
680 888 727 967 2¹³3
755 894 834 970 quod
863 898 962 953 autem
989 896 1141 954 celerrime

132 980 289 1055 invenitur,
312 980 461 1040 ioniorum
481 983 622 1041 ultimum
644 983 761 1059 signum
782 983 813 1040 hi
832 984 961 1057 produnt
979 981 1001 1044 Ε
1018 976 1141 1065 (reliqui

129 1073 208 1128 recte
228 1063 286 1150 <).
333 1069 575 1129 Bellermanuum
598 1069 691 1146 igitur
713 1089 740 1144 p.
761 1072 802 1129 67
827 1071 878 1146 qui
901 1071 1021 1146 evolvit,
1044 1073 1141 1131 multa

130 1159 245 1217 invenit
271 1159 425 1218 concinere
452 1158 483 1217 in
506 1157 534 1216 U
556 1157 622 1215 Esc.
647 1155 741 1215 Guelf.
768 1157 847 1232 Lips.
871 1157 1140 1234 1111111411-

130 1248 252 1306 horrent
273 1266 292 1305 a
315 1247 408 1321 Neap.
427 1239 474 1327 (et
490 1244 563 1304 Veu.
583 1244 627 1302 VI
647 1237 711 1325 10).
750 1245 895 1304 scholium
913 1251 1012 1305 autem
1031 1248 1062 1305 in
1080 1269 1139 1327 mg.

129 1334 220 1394 habet
237 1335 265 1393 U
283 1355 311 1410 p.
330 1338 347 1394 6
368 1334 400 1391 Μ
417 1326 537 1415 (τέχνην
555 1329 650 1409 αὐτὴν
667 1325 762 1412 καλεῖ)
781 1332 917 1409 idemque
936 1335 1047 1393 habent
1065 1328 1139 1416 (44)

130 1424 219 1499 lips,
244 1414 319 1504 (41)
336 1420 453 1496 Hamb.,
475 1413 533 1502 (65
553 1423 584 1479 ο1
604 1412 660 1501 71)
678 1420 787 1494 Moun,
805 1439 872 1480 cum
890 1422 943 1480 alii
961 1422 1092 1482 habeant
1108 1425 1140 1482 in

129 1513 194 1587 ipso
212 1514 354 1570 contextu
372 1500 674 1591 (3111491114).
700 1540 741 1550 -
768 1508 921 1569 (iunonis
945 1512 1140 1572 sectionem

129 1600 245 1659 Rhosus
271 1598 381 1675 petivit
407 1617 423 1655 e
446 1594 599 1655 Μοτο.’1ῙΙ
618 1599 646 1655 3.
692 1597 746 1656 hoo
770 1602 804 1656 ut
826 1600 983 1674 suspicaris
1006 1621 1021 1659 e
1049 1601 1139 1660 titulo

130 1689 239 1747 Zosimi
257 1687 432 1761 subscripto,
450 1686 494 1742 ita
512 1685 595 1743 vides
614 1705 629 1743 e
648 1680 821 1744 verborum¹
841 1691 872 1745 et
889 1687 1140 1766 diagrammatum

130 1777 239 1835 formis.
286 1775 367 1850 quod
393 1773 472 1832 enim
498 1773 599 1832 omnia
626 1773 856 1850 diagrammata,
888 1780 919 1834 et
942 1796 1016 1852 quae
1041 1779 1139 1853 priore

130 1884 220 1922 manu
245 1864 278 1921 in
305 1863 461 1922 verborum
488 1865 629 1920 contextu
655 1866 741 1920 erant
766 1864 921 1939 iuscripta,
950 1869 1077 1941 atquae
1102 1868 1139 1925 ab

130 1954 224 2010 altero
248 1951 369 2010 librario
395 1951 427 2009 in
445 1951 578 2028 margine
602 1951 633 2009 M
656 1952 736 2028 picta
759 1956 835 2027 sunt,
859 1954 983 2012 collecta
1006 1955 1140 2013 videmus

130 2045 160 2100 et
182 2041 310 2115 repetita
334 2041 365 2097 in
383 2040 418 2114 U,
442 2041 517 2098 hanc
536 2040 573 2097 iis
592 2041 770 2099 intercedere
790 2042 1033 2100 necessitudinem
1051 2044 1139 2102 facile

129 2131 277 2190 concedes.
324 2128 414 2187 habet
441 2133 541 2187 autom
564 2129 591 2187 U
619 2130 658 2187 ad
685 2134 759 2204 prot.
784 2133 797 2186 1
826 2131 950 2206 figuram
974 2132 1056 2189 illam
1080 2133 1139 2208 sig-

130 2223 232 2277 natam
255 2218 323 2291 ηδβ
347 2210 420 2299 (Μῖ)
448 2222 479 2276 et
505 2218 595 2292 paulo
626 2222 695 2292 post
724 2219 849 2276 alteram
880 2238 968 2294 quam
999 2220 1079 2278 vides
1108 2223 1139 2278 in

130 2308 220 2365 variis
243 2307 419 2366 lectionibus
446 2309 516 2377 151,
536 2319 546 2364 ι
570 2298 656 2387 (M¹);
679 2307 718 2363 ad
741 2308 859 2365 tertiam
883 2313 982 2366 autem
1005 2311 1139 2382 protasin

130 2395 390 2454 demonstrandam
419 2396 446 2454 U
476 2395 567 2453 habet
596 2399 627 2453 ct
655 2395 839 2472 diagramma
870 2417 905 2454 er
935 2390 978 2453 Μ2
1007 2398 1139 2455 induas

130 2487 229 2558 partes
248 2484 427 2559 discerptum
446 2487 477 2541 et
499 2484 625 2560 vestigia
645 2483 697 2540 illa
717 2483 826 2559 figurae
846 2480 888 2541 Μι
907 2476 1138 2565 (15111).-

129 2572 380 2631 Nicomachum
399 2591 515 2648 quoque
532 2572 647 2630 Rhosus
667 2592 701 2629 ex
719 2572 773 2630 hoc
793 2573 874 2630 fonte
892 2573 1038 2647 repetivit.
1071 2593 1139 2633 con·

130 2660 263 2720 sentiunt
285 2663 364 2720 enim
386 2661 418 2719 in
463 2661 552 2719 titulo
576 2662 820 2739 Πυθαγορικοῦ,
843 2657 1026 2738 ἁρμονικῆς,
1049 2659 1138 2741 ἐγχει-

130 2747 254 2826 ρίδιον,
282 2751 313 2808 in
340 2747 489 2826 πλανήτας
518 2752 594 2822 236,
615 2762 643 2823 7,
674 2769 729 2806 om.
761 2748 890 2825 τήν31,
922 2750 1031 2808 habeut
1059 2751 1138 2830 παρὰ

132 2839 204 2911 237,
219 2848 247 2912 8,
266 2837 391 2918 φορτίον
412 2850 452 2910 12,
476 2836 537 2896 ἔστί
553 2860 603 2916 μοι
624 2850 668 2912 16,
693 2835 829 2914 συννεφὴς
850 2841 983 2912 244,14,
1006 2836 1137 2917 ἐκβαλών

131 2928 204 3000 246,
218 2937 261 2999 20,
284 2925 445 3005 διογωνίου
468 2917 542 3007 (M4)
566 2938 613 3001 21,
637 2925 792 2985 διισοῶσαν
816 2928 923 2999 260,1
949 2930 979 2984 et
999 2960 1039 2968 -
1059 2930 1138 3002 quod

130 3033 272 3092 magnum
298 3015 416 3074 videtur
436 3047 476 3055 -
500 3019 623 3090 uterque
652 3014 769 3073 exhibet
795 3015 879 3072 illum
903 3015 1022 3088 librum,
1051 3036 1137 3090 quem

129 3103 161 3160 H
178 3107 315 3162 numerat
332 3102 515 3161 Meibomius.
558 3104 588 3160 in
608 3103 638 3160 M
661 3103 780 3178 quidem
798 3103 872 3161 illud
895 3103 1066 3181 Νικομάχου
1086 3150 1091 3160 .
1108 3151 1136 3161 ..

128 3189 300 3270 ἐγχειρίδιον
324 3191 531 3266 subscriptum
544 3192 644 3265 potius
663 3192 780 3250 videtur
798 3192 834 3250 iis
854 3210 928 3267 quae
948 3192 1138 3268 antecedunt3

204 3404 216 3449 1
241 3394 383 3463 Αὲγεσθοιι
405 3402 466 3461 149,
482 3410 507 3459 a,
531 3393 687 3459 διαφόνοος
706 3413 741 3451 18.
757 3413 795 3462 ac,
816 3396 1022 3451 πολλαπλάσιον
1044 3403 1102 3464 150,
1117 3414 1137 3451 a.

130 3466 334 3527 πολλαπλάσιος
353 3463 369 3530 ἢ
390 3460 532 3534 ἐπιμόριος
553 3467 646 3534 roam,
666 3468 713 3522 τὸν
732 3465 833 3536 ἥμισυν
855 3473 961 3535 15515.
