2466 3870
523 116 734 137 ἦ
773 128 802 137 ..-

442 297 445 303 ⁵
552 280 819 393 ⁵·‘DevloeeJ
937 270 941 274 ἰ
1178 317 1198 381 7

184 482 291 569 τούτῳ
314 483 378 566 γὰρ
402 490 448 571 τῷ
471 486 578 570 μορίφ
600 487 759 547 πλεῖστον
777 483 843 564 ἔχει
861 482 898 547 τὸ
916 482 1044 567 θερμὸν
1061 481 1101 546 τὰ
1120 481 1190 560 neg*

185 598 252 653 τῶν
279 589 402 655 ἀλλων.
447 591 553 655 δεῖται
582 585 619 653 δέ
646 596 704 670 τῆς
732 584 901 669 ἀναπνοῆς
922 585 977 652 καί
1000 587 1018 653 ὁ
1040 585 1115 674 περὶ
1138 588 1199 670 τὴν

186 695 327 778 καρδίαν
353 699 455 772 τόπος
482 705 625 778 πρῶτος·
654 693 708 757 διὸ
733 689 915 774 ἀναγκαίου
938 699 1015 757 εἰσω
1038 693 1198 760 ἀναπνεό-

187 800 289 885 μένου
312 800 452 868 εἰσιέναι
473 801 533 864 τὸν
552 797 642 881 ἀέρα.
674 797 759 863 ὥστε
778 797 798 880 ἡ
818 798 942 882 πληγὴ
960 808 1020 864 τοῦ
1039 800 1199 866 ἀναπνέο-

162 907 289 992 ιμένου
317 907 415 990 ἀέρος
441 905 508 970 ὑπὸ
538 914 596 987 τῆς
623 903 661 970 έν
687 905 820 980 τούτοις
846 917 916 981 τοῖς
941 909 1071 991 μορίοις
1092 917 1199 991 ψυχῆς

187 1015 268 1097 πρὸς
295 1014 357 1094 τὴν
383 1010 594 1095 καλουμένην
621 1010 785 1096 ἀρτηρίαν
812 1013 921 1094 φωνή
947 1011 1048 1078 έστιν·
1071 1012 1112 1078 οὐ
1136 1015 1198 1097 γὰρ

187 1131 249 1195 τᾶς
276 1116 362 1206 ζῴου
389 1120 502 1201 ψόφος
531 1119 645 1201 φωνή,
674 1117 826 1201 καθάπερ
856 1123 990 1201 εἰπομεν
1020 1119 1103 1205 (ἔστι
1135 1120 1197 1202 γὰρ

188 1222 242 1289 καί
264 1233 304 1309 τῇ
327 1225 457 1310 γλύττη
480 1235 607 1308 ψοφεῖν
628 1221 685 1288 καί
709 1224 754 1300 ὡς
777 1224 813 1289 οἰ
828 1222 1026 1311 βηττοντες),
1047 1224 1130 1290 ἀλλὰ
1149 1226 1202 1290 δεῖ

189 1332 337 1415 ἔμψυχόν
359 1353 394 1396 τε
416 1326 505 1396 εἶναι
523 1332 561 1395 τὸ
579 1330 707 1396 τύπτον
724 1327 780 1395 καί
799 1331 880 1416 μετὰ
897 1334 1079 1413 φαντασίας
1096 1334 1198 1409 τινός·

155 1456 179 1497 ιο
190 1440 387 1521 σημαντικός
414 1438 477 1521 γάρ
506 1437 548 1519 δή
576 1460 626 1513 τις
655 1440 767 1521 ψόφος
794 1435 885 1502 έστίν
911 1436 932 1519 ἡ
960 1439 1055 1520 φωνὴ
1080 1437 1198 1503 καὶού

189 1553 248 1610 τοῦ
270 1542 523 1628 ἀναπνεομέυου
547 1542 644 1630 ἀέρος
667 1544 777 1628 ὥσπερ
801 1543 821 1626 ἡ
845 1542 917 1628 βύξ·
946 1542 989 1629 (p
1008 1543 1088 1631 421)
1115 1543 1199 1609 ἀλλὰ

188 1652 295 1738 τούτφ
317 1651 433 1716 τύπτει
456 1651 516 1716 τὸν
539 1649 577 1716 έν
599 1659 640 1735 τη
658 1648 799 1736 ἀρτηρίᾳ
816 1652 899 1735 πρὸς
917 1651 1029 1733 αὐτήν.
1065 1663 1199 1734 σημεῖον

189 1754 226 1823 δὲ
239 1759 276 1824 τὸ
295 1757 340 1841 μὴ
358 1757 530 1822 δύνασθαι
549 1769 678 1840 φωνεῖν
697 1755 906 1822 ἀναπνέοντα
919 1755 992 1841 μηδ’
1012 1756 1198 1841 έκπνέοντα,

190 1863 271 1929 ἀλλὰ
293 1863 486 1948 κατέχοντα·
509 1875 598 1928 κινεῖ
619 1864 683 1947 γὰρ
707 1871 807 1929 τοῦτο
827 1862 845 1928 ὁ
863 1861 1017 1948 κατέχων.
1053 1866 1198 1948 φανερὸν

155 1988 178 2029 υ
190 1967 226 2035 δὲ
243 1968 299 2035 καί
317 1971 405 2036 διότι
424 1971 461 2035 οἰ
477 1970 593 2054 ἰχθύες
607 1971 752 2053 ἄφωνοι·
772 1970 812 2036 οὐ
826 1971 890 2056 γὰρ
905 1968 1021 2055 ἔχουσι
1035 1969 1199 2054 φάρυγγα.

189 2087 287 2143 τοῦτο
311 2073 349 2142 δὲ
371 2079 409 2142 τὸ
432 2079 554 2161 μόριον
577 2076 639 2141 οὐκ
662 2079 808 2160 ἔχουσιν,
831 2077 881 2142 ὅτι
905 2077 944 2142 οὐ
968 2076 1118 2161 δέχονται
1141 2077 1199 2141 τὸν

190 2183 269 2268 ἀέρα
292 2182 364 2250 οὐδ’
392 2183 630 2249 ἀναπνέουσιν.

384 2358 444 2447 (2.)
474 2359 572 2445 Περὶ
596 2357 702 2447 ζῴων
725 2359 913 2443 γενέσεως
936 2359 1010 2424 V7.

254 2526 284 2587 p.
300 2500 420 2568 786b12.
453 2501 538 2587 Περὶ
561 2499 623 2586 μὲν
647 2497 710 2567 οὖν
733 2501 918 2586 ὀξύτητος
942 2502 997 2567 καὶ
1020 2504 1199 2587 βαρύτητος

154 2610 250 2693 τοτην
277 2610 384 2692 αὐτὴν
406 2611 519 2674 αἰτίαν
546 2607 678 2691 οἰητέον
701 2604 803 2692 εἶναι,
826 2610 928 2694 ἥνπερ
953 2608 1005 2675 έπί
1028 2619 1084 2692 τῆς
1105 2633 1200 2695 μετα-

191 2718 290 2800 βολῆς
320 2715 364 2799 ἣν
392 2716 589 2800 μεταβάλλει
619 2713 687 2780 νέα
714 2718 795 2781 ὄντα
822 2714 877 2780 καί
904 2717 1115 2801 πρεσβύτερα.
1160 2717 1199 2780 τά

191 2819 250 2905 μὲν
268 2823 332 2908 γὰρ
351 2823 436 2888 ἀλλα
455 2820 564 2887 πάντα
582 2820 726 2906 νεώτερα
746 2824 826 2887 όντα
840 2820 996 2906 ὀξύτερον
1009 2821 1200 2906 φθέγγεται,

191 2940 257 2994 τῶν
284 2926 322 2994 όέ
349 2932 441 3012 βοῶν
465 2930 500 2995 οἱ
520 2932 638 3013 μόσχοι
662 2930 857 3013 βαρύτερον.
901 2930 938 2993 τὸ
961 2928 989 2993 θ’
1017 2930 1097 2994 αὐτὸ
1121 2947 1200 3013 συμ-

192 3038 298 3118 βαίνει
318 3033 373 3099 καί
392 3033 446 3099 έπί
466 3046 533 3099 τῶν
553 3033 734 3120 ἀρῥένων
752 3035 808 3100 καὶ
825 3040 984 3118 θηλειῶν·
1005 3035 1042 3100 έν
1059 3032 1119 3120 μέν
1138 3037 1199 3118 γὰρ

155 3154 260 3218 ιιτοτς
286 3142 400 3217 ἀλλοις
428 3141 540 3224 γένεσι
568 3144 605 3207 τὸ
633 3148 724 3225 θῆλυ
752 3142 908 3226 ὀξύτερον
935 3142 1114 3226 φθέγγεται
1140 3151 1200 3208 τοῦ

192 3248 331 3333 ἀόόενος
368 3245 523 3333 (μάλιστα
561 3248 595 3313 θ’
631 3248 789 3331 ἐπίδηλον
826 3248 880 3314 ἐπὶ
915 3260 982 3314 τῶν
1013 3247 1201 3334 ἀνθρώπων

192 3363 302 3421 τοῦτο·
325 3352 469 3439 μάλιστα
492 3357 556 3440 γὰρ
584 3355 717 3430 τούτοις
739 3356 863 3438 ταύτην
886 3357 946 3437 τὴν
964 3356 1106 3439 δύναμιν
1125 3354 1201 3420 ἀπέ-

192 3462 298 3527 δωκεν
316 3460 336 3543 ἡ
356 3463 460 3545 φύσις
479 3462 592 3527 διὰτὸ
612 3465 701 3548 λόγῳ
720 3469 865 3546 χρῆσθαι
883 3465 1006 3546 μόνους
1019 3473 1085 3526 τῶν
1100 3460 1201 3550 ζῴων,

192 3576 252 3633 τοῦ
271 3564 309 3633 δέ
327 3571 430 3651 λόγου
449 3568 535 3652 ύλην
554 3564 639 3634 εἰναι
660 3571 721 3651 τὴν
740 3568 884 3656 φωνήν),
903 3568 955 3634 ἐπὶ
974 3566 1010 3635 δὲ
1028 3580 1094 3634 τῶν
1112 3573 1201 3653 βοῶν

153 3674 400 3743 τοτούναντίον·
420 3677 605 3761 βαρύτερον
624 3677 688 3762 γὰρ
708 3677 746 3740 αἰ
761 3678 893 3758 θήλειαι
912 3676 1116 3760 φθέγγονται
1135 3687 1202 3742 τῶν
