2466 3870
311 275 324 295 Ι.
401 267 970 387 Βοιήίιιιιυ...(ᾶοιοριι1)1.λῙΠῙό.)
1022 326 1026 332 ’
1147 310 1188 375 27

178 484 249 550 τοῖς
274 474 413 560 ἠθεσιν,
445 468 519 545 οἷον
546 477 584 544 ἐν
606 470 681 554 Ιτοῖς
707 478 823 554 ἁπτοῖς
848 477 903 543 καὶ
930 487 1000 556 τοῖς
1026 486 1189 562 γευστοῖς,

179 577 249 644 ἀλλ’
274 579 312 645 ἐν
329 593 400 659 τοῖς
418 583 551 667 ὁρατοῖς
568 582 686 667 ἠρέμα·
708 583 855 666 σχήματα
874 583 936 667 γόρ
955 582 1024 648 ἐστι
1042 590 1189 665 τοιαῦτα,

179 684 248 752 ἀλλ’
277 685 331 753 ἐπὶ
358 692 491 774 μικρόν,
518 685 574 752 καὶ
600 685 721 763 πύυτες
748 696 805 769 τῆς
827 689 981 771 τοιαύτης
1003 690 1189 770 αἰσθήσεως

178 803 412 860 κοινωνοῦσιν.
456 796 503 857 ἔτι
532 788 570 856 δὲ
598 793 659 858 ούκ
687 795 756 858 έστι
785 803 886 857 ταῦτα
912 789 1098 877 ὁμοιώματα
1120 805 1188 858 τῶν

153 899 290 983 ιήθῶν,
318 898 402 964 ἀλλὰ
430 909 547 981 σημεῖα
571 902 699 983 μᾶλλον
723 901 762 962 τὰ
786 902 942 982 γινόμενα
965 899 1111 982 σχήματα
1133 897 1188 963 καὶ

177 1007 333 1090 χρώματα
355 1015 423 1069 τῶν
444 1003 549 1087 ἠθῶν.
590 1003 645 1069 καὶ
668 1002 756 1068 ταῦτ’
782 1002 871 1068 ἐστὶν
890 1003 942 1068 ἐπὶ
961 1013 1021 1069 τοῦ
1041 1000 1189 1088 σώματος

178 1110 308 1186 ἐντοῖς
330 1107 484 1175 πάθεσιν.
522 1111 562 1176 ού
585 1112 652 1194 μήν
675 1109 746 1174 ἀλλ’
772 1110 852 1175 ὅσον
871 1108 1021 1192 διαφέρει
1040 1108 1187 1194 καὶπερὶ

177 1218 239 1299 τήν
264 1214 396 1281 τούτων
421 1220 585 1301 θεωρίαν,
615 1217 669 1281 δεῖ
694 1218 738 1300 μή
765 1218 806 1280 τὰ
835 1217 1018 1292 Παύσωνος
1044 1222 1188 1302 θεωρεῖν

178 1325 256 1399 τοὺς
287 1321 402 1407 νέους,
433 1322 516 1388 ἀλλὰ
544 1324 585 1387 τὰ
614 1323 842 1404 Πολυγνώτου
868 1319 931 1386 κᾶν
958 1328 992 1386 εῖ
1013 1345 1063 1399 τις
1089 1324 1188 1399 ἄλλος

142 1453 167 1492 ιι
177 1438 245 1493 τῶν
267 1427 427 1513 γραφέων
448 1427 469 1511 ἠ
492 1439 559 1493 τῶν
582 1428 858 1512 ἀγαλματοποιῶν
881 1427 970 1493 ἐστὶν
989 1429 1113 1510 ἠθικός.
1151 1428 1188 1494 έν
1202 1439 1218 1505 (2

179 1532 214 1600 δέ
237 1547 307 1612 τοῖς
329 1534 464 1620 μέλεσιν
486 1534 599 1611 αὐτοῖς
623 1537 691 1599 ἔστι
715 1536 881 1619 μιμήματα
904 1545 970 1598 τῶν
992 1535 1096 1616 ἠθῶν.
1131 1533 1183 1599 καὶ

178 1640 269 1707 τοῦτ’
294 1639 365 1706 ἐστὶ
392 1643 552 1726 φανερόν·
581 1641 686 1717 εὐθὺς
711 1643 774 1725 γὰρ
797 1639 818 1723 ἠ
840 1651 907 1705 τῶν
930 1641 1097 1724 ἁρμονιῶν
1121 1641 1186 1706 διέ-

178 1764 274 1831 στηκε
307 1748 411 1831 φύσις
437 1747 522 1812 ὥστε
548 1745 733 1822 ἀκούοντας
759 1748 866 1822 ἄλλως
893 1747 1104 1812 διατίθεσθαι
1130 1746 1185 1812 καὶ

177 1855 221 1936 μή
243 1854 303 1919 τὸν
326 1853 430 1919 αὐτὸν
453 1855 540 1937 ἔχειν
562 1857 687 1936 τρόπον
705 1855 787 1936 πρὸς
805 1852 944 1936 ἑκάστην
961 1853 1081 1935 αὐτῶν,
1104 1853 1185 1918 ἀλλὰ

144 1982 166 2023 ιι
178 1960 260 2045 πρὸς
282 1956 344 2045 μὲν
363 1958 453 2036 ἐνίας
475 1958 743 2045 ὀδυρτικωτέρως
762 1960 806 2045 [p.
824 1957 937 2043 1340b]
957 1959 1011 2024 καὶ
1031 1978 1185 2042 συνεστη·

177 2069 281 2143 κότως
303 2072 441 2151 μᾶλλον,
465 2058 538 2131 οἷον
561 2068 644 2152 πρὸς
666 2067 727 2149 τήν
745 2064 951 2151 μιξολυδιστὶ
969 2065 1185 2150 καλουμένην,

178 2175 260 2256 πρὸς
283 2170 320 2239 δέ
340 2174 399 2250 τὰς
416 2171 655 2259 μαλακωτέρως
673 2174 733 2255 τήν
752 2174 916 2255 διάνοιαν,
938 2164 1011 2238 οἷον
1030 2175 1110 2255 πρὸς
1128 2175 1185 2249 τὰς

179 2278 364 2364 ἀνειμένας·
391 2278 498 2364 μέσως
526 2276 563 2344 δέ
589 2277 645 2344 καὶ
672 2282 920 2362 καθεστηκότως
942 2278 1081 2363 μα’λιστα
1103 2282 1185 2362 πρὸς

179 2383 309 2470 ἑτέραν,
337 2376 413 2451 οἷον
439 2386 533 2450 δοκεῖ
555 2396 664 2451 ποιεῖν
687 2384 707 2466 ἠ
731 2385 868 2468 δωριστὶ
890 2389 974 2470 μόνη
997 2398 1063 2450 τῶν
1086 2386 1185 2471 ἁρμο-

141 2501 276 2574 ιινιῶν,
313 2490 611 2567 ἐνθουσιαστικοὺς
649 2490 677 2555 δ
715 2490 735 2573 ἠ
768 2495 934 2575 φρυγιστί.
988 2502 1090 2557 ταῦτα
1123 2495 1184 2576 γὰρ
1199 2511 1218 2575 (ε

177 2603 283 2673 καλῶς
311 2595 467 2680 λέγουσιν
490 2597 526 2661 οἱ
545 2595 620 2681 περὶ
643 2598 704 2679 τήν
727 2599 880 2663 παιδείαν
903 2599 1025 2681 ταύτην
1047 2604 1183 2683 πεφιλο-

177 2707 369 2788 σοφηκότες·
399 2703 606 2787 λαμβάνουσι
634 2704 697 2786 γὰρ
726 2704 765 2767 τὰ
792 2705 954 2789 μαρτύρια
981 2715 1048 2769 τῶν
1075 2708 1183 2787 λόγων

177 2809 208 2889 ἐξ
231 2811 431 2877 αὐτῶντῶν
455 2813 572 2894 ἔργων.
607 2811 667 2875 τὸν
690 2810 791 2875 αὐτὸν
814 2811 876 2892 γὰρ
900 2814 1022 2893 τρόπον
1045 2810 1182 2895 ἔχεικαὶ

176 2936 388 2944 —....-——-

247 3008 280 3056 18
299 2999 457 3070 ἀνειμένας.
493 3002 545 3056 hes
564 3001 725 3055 hermenias
744 3020 804 3056 esse
823 3019 921 3074 graves
941 3020 973 3056 en
993 3003 1053 3072 ipse
1072 3003 1182 3057 nomine

178 3090 213 3143 ep
233 3075 301 3127 aret.
344 3072 426 3127 Plato
450 3072 485 3126 de
509 3072 655 3142 republica
677 3074 769 3126 11110
792 3075 913 3142 χαλαρὰς
937 3072 1005 3127 dieis
1027 3073 1131 3126 ioniam
1155 3079 1182 3128 et

177 3092 282 3213 lysiam
301 3143 486 3226 narnroniem,
505 3160 576 3212 ques
590 3145 730 3226 eontrerie
745 3145 862 3226 opponit
874 3145 1051 3225 mixelydiae.
1075 3144 1182 3199 dorinm

177 3214 266 3284 lyram
290 3231 314 3268 si
338 3233 402 3283 quis
422 3217 532 3268 mutere
550 3214 666 3268 volebat
684 3233 713 3268 in
733 3215 851 3284 lydiam,
875 3217 925 3268 aut
942 3215 1111 3270 intendendo
1130 3216 1183 3271 boe

177 3285 286 3341 efficere
299 3286 402 3357 potnit,
417 3288 468 3338 aut
481 3285 658 3339 remittende
678 3286 772 3355 potuit
781 3286 854 3339 enim
865 3286 953 3355 lyram
964 3288 1004 3340 ite
1014 3290 1180 3357 temperare:

184 3392 200 3430 e
243 3375 276 3429 fis
313 3375 386 3444 gisa
422 3375 441 3427 h
479 3373 530 3427 eis'
569 3373 663 3427 dis‘e'
703 3374 880 3429 intendendis
909 3375 945 3427 IV
974 3375 1096 3444 chordis,
1131 3380 1182 3430 sut

176 3463 205 3501 es
253 3446 266 3500 f
318 3463 378 3516 gas
421 3446 439 3499 b
490 3444 517 3498 ι’
573 3442 657 3498 d‘es'
703 3446 878 3500 remittendis
897 3447 1005 3500 duobus
1023 3448 1068 3501 vel
1083 3447 1181 3503 tribus.

176 3553 294 3604 querum
307 3533 517 3588 harmoniarum
532 3532 583 3587 ille
597 3536 666 3604 puto
681 3538 742 3588 eret
751 3534 981 3602 συντονολυδιοτί,
997 3536 1064 3590 haec
1075 3536 1181 3604 χαλαροὶ

175 3606 222 3662 τοὶ
240 3603 373 3676 ἀνειμένη
393 3608 512 3672 λυδιστί,
532 3605 565 3659 cf.
586 3605 749 3660 Fleckeisen
767 3605 941 3661 Jahrbncher
960 3614 992 3661 95
1012 3611 1101 3675 (1867)
1121 3613 1181 3661 815.

176 3679 211 3734 ef.
230 3677 265 3733 de
283 3675 388 3731 laxatis
407 3676 451 3729 his
470 3676 624 3730 harmoniis
643 3677 717 3731 infre
736 3695 758 3732 e.
776 3684 790 3731 λ
811 3682 902 3747 (511).
