2466 3870
954 94 1158 123 ..⁴⁴⁴4-

238 332 241 336 ·
345 309 791 401 Ριιοιεωιιικιωοι-ιω.
815 289 958 385 xlxii.
1120 308 1161 389 w

144 489 334 575 τρέμουσιν.
374 491 413 559 τὸ
436 492 518 559 αὐτὸ
542 490 580 557 δὲ
600 490 812 574 ὑποληπτέον
834 491 890 557 καὶ
914 491 967 557 ἐπὶ
989 502 1057 556 τῶν
1077 488 1162 572 ιἰγω-

146 595 299 662 νιύντων
330 596 388 663 καί
420 597 644 683 φοβουμένων
676 594 732 661 καὶ
763 596 935 679 ῥιγούντων
963 603 1071 662 αίτιον
1102 603 1163 661 τοῦ

149 703 273 785 τρόμου
296 713 355 786 τῆς
378 713 502 788 φωνῆς.
544 712 604 767 τοῦ
629 704 692 784 γὰρ
717 704 850 784 ἔχοντος
872 701 933 784 τὴν
956 703 1074 785 φωνην
1097 726 1163 768 τοι-

150 807 269 892 αύτην,
296 819 365 873 τῶν
392 808 556 872 τοιούτων
585 813 706 872 παθῶν
729 813 807 872 είσω
832 810 1081 890 περιεστηκότος
1103 817 1163 871 τοῦ

126 918 322 997 ιτλείστου,
351 913 470 978 λοιπὸν
499 912 615 995 ὀλίγον
643 913 683 978 ὄν
712 913 752 978 ού
780 912 921 978 δύναται
948 925 1080 996 κρατεῖν
1107 921 1165 995 τῆς

151 1029 276 1103 φωνῆς,
298 1019 352 1084 διὸ
375 1017 431 1084 καὶ
454 1022 575 1084 σείεται
594 1016 650 1083 καὶ
669 1017 788 1105 τρέμει.
825 1017 952 1083 διὸκαὶ
971 1020 1007 1082 οί
1022 1017 1164 1102 τεχνικοί

151 1137 217 1191 τῶν
239 1125 444 1191 συνειδότων
467 1125 518 1190 ὅτι
543 1125 713 1208 ἁγωυιῶσι
736 1126 855 1209 μικρὸν
874 1122 1083 1206 διαλέγονται
1107 1123 1160 1188 ἀπ’

154 1230 264 1316 ἀρχῆς,
286 1229 341 1297 καὶ
365 1233 441 1319 ἄχρι
466 1226 507 1298 ού
531 1232 574 1296 ἂν
596 1241 817 1297 καταστῶσιν·
840 1243 959 1316 μικρᾶς
982 1232 1045 1314 γὰρ
1064 1231 1166 1312 οὔσης

156 1347 211 1422 τῆς
233 1348 348 1423 φωνῆς
371 1338 454 1426 ῥᾷον
476 1347 668 1422 κρατοῦσιν.

121 1550 143 1590 ¹⁰
406 1537 464 1599 ΙΘ.
484 1531 575 1599 Ὅσα
597 1531 686 1616 περὶ
711 1533 914 1618 ἁρμονίαν.

220 1679 248 1741 l.
280 1675 349 1740 Διὰ
380 1679 416 1740 τί
443 1676 479 1740 οί
503 1684 688 1751 πονοῦντες
714 1674 770 1740 καὶ
798 1675 834 1740 oi
858 1674 1082 1752 ἀπολαύοντες
1109 1676 1167 1740 αύ-

154 1786 303 1860 λοῦυταις
326 1818 371 1828 -
387 1778 435 1845 Ἢ
463 1782 519 1845 ἵνα
552 1783 588 1847 oi
616 1778 678 1866 μὲν
710 1776 810 1864 ἧττον
842 1785 1025 1864 λυπῶνται,
1063 1783 1097 1846 οί
1132 1779 1167 1846 δὲ

154 1893 279 1974 μᾶλλον
301 1890 471 1973 χαίρωσιν.

221 2030 249 2093 2.
282 2030 351 2094 Διὰ
378 2033 414 2094 τί
438 2028 636 2114 πορρωτέρω
666 2030 683 2095 ὁ
707 2029 806 2106 αὐτὸς
829 2039 868 2114 τῇ
891 2031 973 2115 αὐτῇ
997 2040 1094 2115 φωνῇ
1117 2053 1168 2113 γε·

125 2152 144 2191 1⁵
156 2148 255 2218 μωνεί
275 2134 343 2221 μετ’
372 2136 484 2200 ἄλλων
507 2133 599 2222 ᾅδων
621 2135 677 2200 καὶ
701 2139 792 2220 βοῶν
815 2135 835 2218 ἢ
856 2140 971 2221 μόνος;
991 2175 1034 2184 -
1051 2134 1098 2201 Ἢ
1119 2138 1168 2201 ὅτι

158 2243 192 2308 τὸ
220 2242 355 2322 ἀθρόως
381 2239 413 2307 τι
437 2254 547 2307 ποιεῖν
575 2241 595 2325 ἢ
618 2246 753 2326 θλίβειν
777 2241 796 2326 ἢ
820 2240 924 2308 ὠθεῖν
948 2244 988 2309 ού
1011 2261 1168 2309 τοσαυτα-

157 2347 298 2414 πλάσιόν
323 2349 414 2414 ἐστιν
437 2349 515 2424 ὅσος
538 2349 556 2413 ὁ
580 2347 736 2433 ἀριθμός·
763 2347 832 2413 ἀλλ’
862 2349 970 2433 ὥσπερ
995 2349 1015 2431 ἡ
1038 2351 1168 2433 γραμμὴ

158 2453 177 2536 ἡ
200 2455 319 2532 δίπους
347 2455 387 2520 ού
413 2453 591 2520 διπλάσιον
615 2454 699 2519 ἀλλὰ
723 2457 961 2539 τετραπλάσιόν
984 2479 1015 2520 τι
1038 2457 1170 2539 γράφει,

158 2561 242 2627 ούτω
270 2563 310 2626 τὰ
334 2560 558 2646 συντιθέμενα
580 2561 683 2627 πλέον
708 2563 814 2646 ἰσχύει
837 2563 919 2626 κατὰ
942 2563 1000 2627 τὸν
1024 2561 1169 2645 ἀριθμὸν

126 2666 178 2752 ”i
204 2669 284 2734 ὅταν
310 2660 330 2753 η’
357 2666 548 2754 διῃρημένα.
590 2666 728 2752 ἀθρόων
752 2663 814 2733 οὖν
833 2671 940 2734 ὄντων
963 2672 1020 2753 μία
1045 2672 1170 2750 γίνεται

228 2850 242 2899 1
261 2841 410 2913 τρέμουσιν
424 2844 473 2897 διὰ
488 2844 518 2898 τὸ
533 2844 570 2911 μὴ
586 2852 700 2912 κρατεῖν
712 2844 743 2897 Y.
811 2849 843 2897 16
862 2845 1101 2898 τοσαυταπλάσιον
1122 2842 1171 2911 ssk,

159 2914 397 2982 τοσαυταπλήσιον
416 2914 497 2968 codd.

229 3059 268 3127 (3)
281 3067 330 3111 τοῦ
345 3058 398 3126 γὰρ
414 3057 524 3126 ἔχοντος
540 3074 620 3124 „cum
635 3056 665 3110 in
680 3057 761 3110 huius
773 3057 849 3110 modi
860 3056 1005 3110 affectibus
1016 3056 1088 3110 intro
1099 3074 1170 3110 com-

161 3127 275 3199 pellitur
293 3128 417 3182 maxima
436 3145 510 3197 pars,
529 3128 578 3196 qui
598 3127 722 3197 reliquus
743 3131 786 3182 esi
805 3128 918 3197 spin'tus
938 3129 1040 3198 quippe
1056 3128 1172 3209 exiguus

160 3216 227 3255 vooe
246 3199 372 3269 superior
390 3200 509 3252 evadere
528 3217 584 3252 non
604 3202 723 3268 potest“.
753 3200 797 3254 Bs.
836 3198 950 3268 „pulsus
970 3202 1006 3252 ab
1026 3198 1172 3252 affectibus

162 3269 218 3325 illis
240 3271 314 3325 intro
338 3287 367 3324 εε
391 3270 509 3338 colligat
530 3270 656 3323 maxima
675 3287 709 3324 ex
728 3275 822 3340 parte,
846 3271 997 3338 reliquum,
1021 3271 1096 3338 quod
1116 3270 1171 3324 exi-

162 3360 246 3413 guum
264 3343 369 3411 exstat,
389 3358 486 3396 vocem
505 3342 647 3395 continere
667 3360 723 3395 non
742 3345 861 3411 potest.“
891 3341 937 3396 Gz.

230 3412 293 3467 xlx
307 3419 331 3468 2.
356 3412 420 3467 Non
443 3412 597 3465 additionis
622 3413 705 3466 modo
724 3416 751 3482 (3
763 3418 795 3479 4-
807 3419 822 3466 3
835 3416 904 3481 εδ)
923 3413 965 3467 ait
984 3429 1081 3466 vocum
1101 3412 1173 3465 icius

162 3483 263 3539 ictibus
278 3484 465 3550 adnumerari,
481 3484 530 3537 sed
546 3488 577 3537 ui
591 3484 620 3537 in
633 3502 811 3537 numerorum
822 3484 930 3538 ratione
941 3484 1030 3538 factor
1039 3485 1172 3537 factorem

162 3554 330 3624 multiplioet
349 3561 376 3619 (ὅ
392 3586 398 3596 ·
414 3562 429 3607 3
446 3582 478 3600 =
495 3560 533 3622 9),
559 3555 601 3609 ita
621 3556 806 3609 clamantium
825 3572 922 3609 vocem
941 3574 976 3609 au
998 3555 1037 3610 eri
1057 3558 1085 3608 et
1104 3555 1172 3606 mul-

162 3626 292 3696 tiplicari.
320 3643 364 3680 res
384 3626 504 3696 lepidius
526 3626 603 3680 dicta
622 3644 707 3694 quam
727 3627 827 3680 verius.
857 3627 947 3680 simile
967 3627 1172 3696 a'quidquae·

162 3696 244 3766 titur,
263 3697 320 3753 alia
340 3701 436 3752 autem
456 3698 567 3752 videtur
586 3700 709 3752 auctoris
730 3698 870 3752 sententia
890 3699 926 3751 XI
941 3705 983 3753 οἳ.
