2466 3870
145 272 153 281 ’
248 352 255 381 .-
353 294 547 411 ’παντοῖοι
580 328 720 389 αεὶ-ιι.
747 350 775 403 ρ.
791 320 898 399 ιε-ἰο
914 330 954 388 ιι.
1019 304 1023 311 ’
1103 328 1171 405 255

142 515 211 582 σει,
242 493 427 583 περαιτέρω
460 508 651 583 προχωρεῖν
683 496 747 564 οὐκ
778 494 844 563 ἐῶν
873 497 935 564 τὸν
964 494 1170 583 κραδασμὸν,

143 604 314 689 ἐπίτριτον
344 601 389 669 ἂν
417 603 501 690 πρὸς
527 605 567 672 τὸ
594 603 663 671 ἀπὸ
688 613 748 689 τῆς
775 603 854 687 ὅλης
880 602 1014 687 ήχήσειε
1038 604 1077 671 τὸ
1103 602 1169 671 ἐπὸ

143 720 212 775 τῶν
233 718 339 795 τριιθν
360 722 485 798 μερῶν,
507 710 671 789 ἐναντίως
692 719 734 796 τῇ
756 708 794 775 ἐν
816 717 878 775 τοῦ
900 710 1027 795 μήκους
1049 710 1168 796 σχέσει.

143 815 255 903 ὥσπερ
288 816 346 886 καί
377 816 432 885 ἐπὶ
461 827 524 885 τοῦ
556 818 685 884 αὐλοῦ
716 814 807 903 τρισί
839 816 1089 901 τρυπήμασιν
1122 820 1170 895 είς

118 922 289 1013 ιτόσσαρα
313 931 370 993 ίσα
387 927 474 1012 μήκη
492 923 712 1010 νεμηθέντος,
729 925 762 989 εί
778 922 977 1009 φραγέντον
995 934 1064 990 τῶν
1080 926 1170 1008 πριό-

144 1054 213 1100 τον
238 1031 464 1118 τρνπημάτων
490 1041 532 1118 τῇ
557 1040 628 1099 τῶν
651 1031 828 1097 δακτύλων
849 1030 999 1099 ἐπιθέσει
1021 1034 1082 1101 τὸν
1103 1032 1170 1099 άπὸ

144 1147 206 1205 τοῦ
228 1138 312 1207 ὅλον
334 1139 442 1205 αὐλοῦ
466 1141 627 1225 φθόγγον
650 1136 900 1225 συμβάλλοιμεν
921 1140 1005 1223 πρὸς
1026 1141 1087 1206 τὸν
1105 1140 1170 1207 ἀπὸ

144 1253 206 1311 τοῦ
238 1243 345 1331 μίσου
376 1248 590 1333 τρυπήματος
621 1245 872 1331 ἐκπεμπόμενον
903 1245 1082 1331 ἀνεθείσης
1112 1257 1171 1333 τῆς

145 1360 207 1419 τοῦ
233 1352 403 1421 δακτύλου
424 1352 625 1437 ἐπιθέσεως,
652 1354 809 1441 εὑρεθείη
830 1352 875 1419 ἐν
897 1353 1088 1437 διπλάσιος,
1113 1352 1170 1421 καί

106 1488 133 1531 ιο
145 1461 203 1528 διδ
228 1470 348 1527 πασῶν
373 1460 452 1528 τιό
481 1460 547 1528 ἀπὸ
569 1469 632 1528 τοῦ
654 1460 762 1547 μέσου
783 1463 994 1547 τρυπήματος
1017 1464 1171 1547 φθόγγος

145 1568 229 1655 πρὸς
254 1568 316 1636 τὸν
343 1568 409 1637 ἐπὸ
431 1577 494 1638 τοῦ
518 1567 602 1635 ὅλου
624 1569 743 1635 αὐλοῦ.
787 1566 863 1635 ὁδ’
888 1568 989 1648 αὐτὸς
1010 1567 1065 1635 καί
1087 1570 1172 1655 πρὸς

138 1676 206 1743 τὸν
232 1674 299 1745 ὐπὸ
320 1685 383 1743 τοῦ
404 1674 462 1743 ὐπ’
489 1676 611 1760 αὐτὸν,
637 1674 795 1762 κειμένου
817 1672 856 1743 δλ
878 1677 961 1761 πρὸς
982 1684 1029 1766 τῷ
1051 1680 1171 1762 βατήρι

145 1783 323 1850 κατωτάτω
354 1784 570 1870 τρυπήματος
600 1782 764 1869 ήμιόλιος.
814 1776 913 1861 οὐτος
939 1780 977 1849 δὲ
1004 1784 1088 1869 πρὸς
1111 1785 1171 1851 τὸν

147 1890 212 1957 άπὸ
234 1899 296 1958 τοῦ
321 1891 403 1958 ὅλου
426 1890 603 1977 ἐπίτριτος.
640 1890 658 1956 ὁ
683 1887 720 1956 δὲ
743 1888 808 1956 ἀπὸ
830 1899 891 1955 τοῦ
910 1892 993 1977 πρὸς
1012 1900 1050 1977 τῇ
1068 1896 1172 1975 γλωσ·

108 2026 135 2066 ιε
148 1997 218 2063 σίδι
242 1999 397 2083 φθόγγος
419 2000 503 2084 πρὸς
525 1994 588 2084 μὲν
610 1999 672 2064 τὸν
695 1997 760 2063 άπὸ
782 2007 843 2064 τοῦ
863 1996 967 2083 μέσον
986 1997 1171 2083 διπλάσιος,

145 2107 385 2190 τετραπλάσιος
412 2103 451 2172 δὲ
477 2107 561 2192 πρὸς
588 2107 649 2172 τὸν
677 2106 743 2172 άπὸ
769 2115 831 2172 τοῦ
854 2105 951 2190 ὅλου,
978 2105 1171 2183 άντιπαθῶς

145 2226 219 2291 ταῖς
240 2215 324 2279 κατὰ
347 2214 388 2279 τὰ
409 2215 496 2300 μήκη
520 2213 727 2297 άναλογίαις.
784 2211 864 2278 κάπὶ
881 2224 950 2279 τῶν
969 2217 1171 2298 συρίγγιον

146 2323 380 2406 παραπλήσιόν
407 2346 439 2387 τι
463 2322 504 2387 τὰ
526 2325 614 2406 μήιη
638 2318 853 2404 ἀπεργάζεται
875 2319 931 2386 καὶ
954 2322 992 2386 αί
1012 2332 1080 2388 τῶν
1100 2345 1170 2388 κοι-

147 2429 297 2494 λιώσεων
325 2429 504 2515 εὐρύτητες
532 2428 644 2509 ὥσπερ
671 2425 727 2492 καὶ
752 2424 795 2513 (p.
811 2425 868 2513 20)
891 2428 929 2492 αί
948 2438 1017 2494 τῶν
1039 2429 1170 2513 χορδῶν

106 2562 133 2603 ιο
147 2536 342 2620 παχύτητες·
385 2537 424 2601 αί
457 2537 522 2622 γὰρ
561 2537 700 2601 δίκωλοι
738 2532 917 2600 διπλάσιον
951 2534 1071 2620 ήχοῦσι
1103 2546 1171 2601 τῶν

146 2644 372 2728 τετρακώλων.

225 2827 267 2873 11.
292 2819 364 2887 Περί
382 2829 432 2874 τοῦ
452 2819 497 2882 δλς
517 2818 567 2873 διὰ
585 2827 686 2873 πασῶν
705 2817 754 2873 διὰ
773 2819 804 2873 τὸ
823 2818 988 2873 διατονικὸν
1007 2817 1095 2888 γένος.

216 2953 261 2995 ια.
299 2931 381 2996 Τόδε
408 2934 527 2995 τοίνυν
550 2930 587 2994 τὸ
612 2939 673 2994 τοῦ
698 2930 946 3014 διαγράμματος
967 2930 1067 3006 κύτος
1088 2931 1170 2994 κατὰ

148 3038 186 3101 τὸ
209 3037 401 3103 διατονικδν
425 3035 522 3120 γένος
546 3034 639 3102 ἐστὶν
664 3038 684 3102 δ
691 3035 725 3114 ὶς
749 3037 813 3102 διὰ
836 3048 971 3102 πασῶν
993 3042 1168 3122 τετραπλα-

108 3172 134 3212 εε
149 3148 225 3210 σίου
253 3143 410 3221 πλάτους.
454 3152 620 3211 τοσοῦτον
644 3145 708 3228 γὰρ
732 3143 752 3228 ή
776 3142 957 3228 ἐναγώνιος
979 3146 1076 3228 φωνή
1100 3145 1170 3210 δια-

149 3290 362 3298 ‚m—

220 3380 236 3428 2
266 3370 399 3429 ἐπίτονον
422 3374 455 3430 R.
547 3378 564 3427 4
588 3383 639 3429 τοῦ
663 3392 718 3429 om.
742 3374 807 3429 ΜΒ.
899 3381 915 3428 ό
939 3372 1109 3444 νεμεθὲντος
1133 3374 1169 3428 Μ.

148 3444 341 3516 είφραγέντων
358 3445 420 3500 RB.
493 3455 550 3501 τῶν
573 3446 666 3502 ἄλλων
689 3466 770 3517 τρυπ,
789 3446 821 3502 B.
895 3453 909 3501 λ
930 3447 1118 3520 σνμβάλοιμεν
1136 3446 1169 3501 R.

149 3524 182 3572 10
210 3537 239 3573 τε
267 3533 321 3574 om.
346 3517 377 3572 B.
470 3524 503 3573 16
532 3518 751 3582 ἐναντιοπαθῶς
772 3519 823 3574 Mt
918 3524 951 3575 19
979 3519 1028 3573 καί
1056 3535 1109 3572 om.
1137 3518 1170 3574 R.

147 3594 182 3643 20
205 3585 301 3659 ἐχοῦσι
318 3589 353 3644 R.
444 3597 478 3645 23
503 3590 567 3647 τόδε
587 3591 625 3659 R,
650 3592 682 3646 τὸ
702 3592 733 3647 δέ
753 3591 794 3660 Μ,
818 3591 849 3645 τό
869 3590 899 3646 Β,
990 3592 1022 3645 τὸ
1041 3593 1071 3645 et
1088 3589 1170 3652 κύτος

147 3677 201 3717 om.
224 3661 255 3717 B.
348 3666 383 3716 24
411 3657 469 3717 ἐστὶ
491 3663 529 3731 R,
558 3658 590 3718 ἐκ
618 3672 669 3719 τοῦ
693 3662 759 3719 MB.
850 3668 884 3717 25
912 3660 1034 3726 πλάτους
1057 3658 1114 3717 ἐστί
1137 3661 1168 3717 Β.

146 3727 315 3807 ἐναρμόνιος
332 3733 365 3790 Β.
