2466 3870
501 379 729 523 simquelibris.
741 348 812 467 Ι.
984 392 987 397 ’
1056 392 1146 471 2215

101 568 183 637 illud
204 542 334 636 actico
361 564 424 655 μιν
444 526 637 657 κιήγμντος
657 592 726 638 non
748 570 899 639 cohaeret
921 593 995 637 cum
1017 567 1128 634 defini·

103 679 194 743 tione
211 677 407 764 systematis,
424 677 482 743 sed
499 677 695 763 cumprime
709 679 826 763 capitis
838 680 977 745 seutent'
969 701 1000 745 ra
1012 679 1128 763 ψόφον

103 778 192 851 εἶναι
220 782 342 869 πλῆξιν
371 783 478 870 ἀέρος.
524 784 636 850 omnia
664 783 768 871 igitur
795 786 880 851 inter
906 808 941 851 se
968 784 1129 872 quadrant

104 888 244 957 sublatis
266 890 520 975 definitionibus,
537 910 621 975 quas
639 893 810 976 tantopere
826 892 980 957 amabant
995 892 1129 977 librarii,

104 1001 144 1063 ut
177 1020 281 1085 usque
317 1017 447 1083 quaque
482 995 753 1063 conscriberent.¹
807 1020 867 1065 nec
904 999 1011 1063 miuus
1049 998 1129 1064 mihi

104 1110 256 1192 suspecta
274 1108 324 1170 est
341 1104 426 1169 mira
444 1101 501 1169 ιιιιι
519 1102 560 1170 ds
577 1103 726 1171 diamari
744 1104 892 1171 doctrina
911 1107 944 1171 in
958 1127 1026 1191 cap.
1039 1106 1089 1191 12,
1099 1106 1130 1171 6.

106 1215 281 1298 postquam
308 1211 395 1277 enim
417 1208 640 1277 Nicomachus
665 1215 809 1296 systema
831 1213 1014 1298 quindecim
1036 1232 1131 1278 sono-

108 1340 180 1383 rum
213 1319 301 1383 recte
332 1316 509 1402 explicavit
538 1320 573 1384 et
600 1318 640 1383 de
666 1338 900 1402 synemmenon
926 1318 1131 1386 tetrachordo

107 1446 184 1491 vera
210 1424 360 1510 bonaque
388 1422 543 1509 protulit,
570 1422 753 1491 dimeuxsis
776 1426 823 1491 ait
846 1448 917 1491 esse
939 1426 1031 1512 duas,
1056 1448 1132 1514 qua-

108 1554 181 1597 rum
202 1531 341 1598 alteram
362 1532 483 1598 statuit
505 1531 594 1597 inter
615 1531 824 1599 tetrachorda
845 1554 1078 1619 synemmenon
1099 1537 1132 1599 et

108 1636 359 1725 hyperbolaeon.
411 1638 446 1704 id
477 1637 636 1706 abhorret
666 1661 735 1706 non
765 1641 873 1707 solum
903 1642 945 1707 ab
977 1641 1019 1707 iis
1050 1663 1133 1729 quae

108 1744 225 1833 reliqui
243 1747 420 1833 scriptores
439 1745 479 1812 de
491 1744 545 1813 his
563 1745 782 1815 tetrachordis
800 1746 942 1835 docent⁸,
960 1749 1017 1815 sed
1035 1749 1133 1815 etiam

109 1853 151 1920 ab
179 1853 221 1919 iis
249 1874 332 1940 quae
358 1851 580 1920 Nicomachus
607 1854 706 1941 paulo
734 1858 812 1922 ante
836 1854 927 1921 dixit.
972 1855 1026 1921 hic
1048 1856 1134 1921 enim

112 1961 145 2027 in
168 1961 302 2045 o.11,2
326 1963 469 2045 systema
494 1962 536 2027 13
559 1982 717 2028 sonorum
740 1962 903 2048 describit,
926 1963 1018 2028 cuius
1038 1964 1135 2028 tetra

112 2068 233 2134 chorda
256 2068 365 2133 omnia
386 2068 454 2132 sint
473 2067 666 2134 coniuncta³
684 2068 788 2158 (quod
805 2075 947 2155 systema
965 2070 1136 2136 finxeritne

113 2176 194 2261 ipse,
227 2176 292 2239 iam
323 2174 407 2241 nihil
439 2174 552 2261 refert,
582 2176 640 2242 sed
667 2177 910 2264 coniungimtur
937 2187 1072 2264 συναφῇ
1098 2181 1136 2243 ut

114 2283 222 2348 omnia
245 2283 292 2347 ita
315 2284 450 2347 tertium
473 2287 506 2348 et
529 2288 684 2368 quartum
707 2283 978 2373 tetrachordum),
1001 2306 1137 2370 eumque

114 2390 247 2475 reliquis
275 2391 309 2455 in
333 2390 430 2454 rebus
454 2394 474 2472 ᾗ
493 2393 581 2457 3-5
607 2414 681 2457 cum
706 2391 859 2459 Cleonide
882 2393 1018 2478 aliisque
1039 2393 1138 2478 scrip-

114 2498 240 2563 toribus
270 2497 482 2583 consentiret,
510 2499 545 2562 in
573 2502 633 2581 §6
662 2522 894 2584 synemmenon
921 2505 954 2565 et
981 2498 1138 2584 hyperbo-

113 2604 207 2670 laeon
235 2604 441 2670 tetrachorda
469 2609 549 2671 tono
578 2607 705 2694 diiungi
732 2609 865 2673 minime
893 2607 1008 2693 potuit.
1053 2628 1140 2671 nunc

114 2715 367 2778 commemorato
398 2735 633 2797 synemmenon
665 2715 873 2780 tetrachordo
904 2718 936 2780 et
963 2713 1139 2780 tetrachor-

115 2819 229 2885 dorum
261 2842 396 2885 numero
429 2824 517 2885 recte
549 2823 731 2887 constituto
762 2821 798 2910 (ξ
821 2822 856 2910 5)
887 2821 1077 2887 offendimus
1106 2822 1139 2888 ιιι

115 2927 283 2992 diezeuxin
317 2930 422 2993 istam.
478 2951 553 2994 vere
590 2932 690 2996 etiam
722 2931 841 2995 dicitur
874 2930 1052 3010 διαζεύξεις
1078 2928 1139 3015 μέν

115 3038 180 3101 εισι
204 3036 284 3120 δύο,
311 3058 386 3100 nam
413 3040 445 3101 et
468 3058 636 3120 paramese
659 3040 692 3101 ct
715 3037 1058 3121 proslambanomenos
1080 3037 1140 3102 hac

118 3143 244 3208 ratione
272 3168 290 3207 a
320 3143 435 3208 vicinis
462 3146 555 3207 crant
579 3143 730 3228 diiuncti,
758 3145 815 3208 sed
837 3154 897 3210 τοῦ
922 3142 1141 3229 συνημμένων

116 3249 171 3315 καὶ
198 3260 260 3316 τοῦ
289 3251 523 3336 ὑπερβολαίων
550 3272 611 3316 nec
639 3250 716 3315 ferri
744 3272 804 3316 nec
832 3250 1085 3337 aNiccmacho,
1112 3251 1140 3315 si

193 3378 206 3426 1
227 3371 268 3427 Cf.
284 3374 368 3427 finem
384 3371 537 3444 cleonidis,
551 3373 707 3428 Bacchium
723 3374 861 3444 159-65,
876 3391 935 3430 erc.
945 3373 1142 3457 Neapolitana.

118 3446 225 3527 quanto
245 3442 289 3498 illi
308 3444 403 3499 studio
422 3444 494 3500 haec
512 3418 611 3501 vhnati
630 3446 697 3515 sint,
716 3445 845 3501 videmus
864 3463 880 3501 e
897 3445 1034 3501 acholiis'
1026 3464 1056 3500 m
1069 3462 1141 3500 mar·

118 3516 214 3587 ginem
235 3514 403 3588 ciampinio*
387 3536 452 3585 cecc
471 3517 551 3587 φθόγ
535 3538 605 3589 γγου
623 3550 661 3559 -
679 3517 742 3572 sim.

117 3658 150 3715 CI
190 3587 312 3714 ιάΟιιιιέ
325 3587 412 3658 Alypi
440 3587 547 3643 tabulis
571 3589 716 3644 consentit
733 3588 899 3645 Euclides
890 3607 921 3644 m
944 3592 1017 3660 prot.
1038 3594 1079 3643 19
1099 3595 1141 3644 20.

151 3676 216 3715 eom
238 3676 268 3713 cs

190 3737 207 3785 3
225 3732 287 3785 Hoc
306 3731 398 3802 priore
417 3731 479 3787 loco
499 3732 596 3787 omnia
615 3732 688 3787 bene
708 3733 887 3789 conveniunt.
917 3735 974 3787 tres
992 3733 1067 3788 enim
1082 3731 1143 3787 soni

117 3801 149 3857 hv
164 3802 329 3858 ·rbolaeon
356 3803 540 3859 nominantur
582 3821 639 3859 non
683 3808 799 3861 nattuor
840 3808 873 3859 ut
896 3806 1006 3860 constet
1028 3804 1084 3859 dici
1108 3803 1143 3858 de
