2466 3870
384 94 580 202 munclidjs
599 133 686 189 sectio
705 134 829 191 canonis.

354 304 381 361 ζ.
413 293 468 361 ’Eu
502 304 565 361 τοῦ
601 296 782 361 διπλασίου
813 297 1037 384 διαστήματος
1065 297 1122 367 παλ

287 402 444 486 ἡμιολίου
467 398 667 485 τριπλάσιον
688 400 855 487 διάστημα
877 406 1016 487 γίνεται.

106 568 110 615 5
346 505 455 573 Ἔστω
483 508 548 594 γὰρ
577 506 597 573 6
623 502 686 593 μὲν
712 528 734 571 α
756 515 820 573 τοῦ
843 512 862 589 β
884 509 1078 595 διπλάσιος,
1103 511 1124 580 6

163 604 181 678 β
289 612 327 680 δὲ
355 621 373 695 β
400 622 461 681 τοῦ
487 636 509 693 γ
536 614 697 701 ἡμιόλιος.
742 612 828 699 λέγω
856 614 907 680 ότι
930 614 950 681 6
973 638 995 681 α
1017 626 1081 683 τοῦ
1103 641 1124 698 γ

169 710 173 787 i
221 726 241 780 ἲ
289 721 359 788 ἐστι
383 722 587 807 τριπλάσιος.
1151 754 1166 793 ι

106 852 111 945 j
232 816 236 905 Ι
351 827 444 897 Ἐπεί
470 831 534 917 γὰρ
561 828 581 898 6
608 852 631 897 α
656 838 719 897 τοῦ
748 828 860 912 βίστι
883 826 1076 915 διπλάσιος,
1103 829 1123 898 6

106 952 111 1019 ἡ
232 910 236 1003 i
290 961 311 1004 α
329 939 395 1025 ἄρα
413 934 486 1017 ἶσός
503 936 575 1005 ἐστι
593 936 673 1005 uvel
695 950 767 1016 τοῖς
785 943 813 1021 β.
853 938 958 1005 πόλιν
975 935 1047 1005 ἐπεὶ
1065 936 1124 1019 όβ

101 1042 137 1113 ιβ
164 1057 182 1101 5
227 1042 246 1096 ὃ
289 1054 351 1112 τοῦ
370 1068 391 1124 γ
410 1044 503 1113 ἐστιν
521 1044 684 1132 ἡμιόλιος,
704 1046 771 1131 όρα
788 1045 807 1112 6
827 1051 846 1129 β
863 1048 932 1133 ἔχει
949 1046 1010 1113 τὸν
1027 1066 1049 1124 γ
1066 1043 1124 1112 παλ

289 1154 327 1218 τὸ
341 1152 445 1237 ἥμισυ
463 1152 580 1219 αὐτοῦ.
611 1152 675 1219 uuo
695 1152 762 1239 όρα
775 1152 812 1218 οί
828 1156 847 1233 β
861 1146 933 1220 ίσοί
947 1154 1014 1219 είσι
1032 1150 1124 1239 τρισί

100 1271 171 1337 τοῖς
189 1283 218 1337 γ.
255 1260 318 1326 δύο
338 1256 376 1324 66
398 1260 435 1325 οί
455 1264 474 1341 β
493 1254 566 1325 ίσοί
579 1261 645 1325 είσι
666 1266 715 1346 τῷ
737 1280 769 1325 α.
802 1256 860 1325 καί
877 1257 897 1324 6
917 1280 940 1323 α
961 1260 1029 1345 όρα
1051 1254 1125 1339 ἶσός
1139 1288 1166 1328 ιο

102 1365 172 1433 ἐστι
185 1363 276 1450 τρισί
293 1376 364 1442 τοῖς
377 1388 407 1442 γ.
428 1362 625 1451 τριπλάσιος
636 1366 703 1451 ἄρα
715 1360 809 1430 ίστλν
820 1362 841 1431 6
854 1386 876 1430 α
888 1372 951 1432 τοῦ
964 1386 985 1444 γ
998 1362 1046 1452 (p
1055 1364 1125 1454 30).

359 1531 389 1587 η.
406 1504 486 1573 Ἐὰν
503 1506 569 1573 ἀπὸ
586 1504 743 1591 ἡμιολίου
761 1506 982 1594 όιαστὴματος
1000 1506 1125 1594 ἐπίτρι-

291 1638 351 1680 τον
386 1612 551 1699 διάστημα
581 1612 769 1701 ἀφαιρεθῇ,
804 1615 843 1681 τὸ
874 1616 994 1682 λοιπὸν
1025 1640 1125 1683 ιοατα-

109 1734 112 1741 “
234 1712 238 1755 *
291 1725 436 1788 λείπεται
459 1720 633 1804 ἐπόγδοον.

234 1872 238 1903 ,
346 1826 455 1896 Ἔστω
479 1828 542 1912 γὰρ
566 1825 585 1893 6
607 1822 669 1914 μὲν
693 1850 714 1893 α
736 1837 798 1895 τοῦ
823 1834 840 1911 β
863 1827 1025 1915 ἡμιόλιος,
1049 1826 1164 1899 όόλιι

290 1960 310 2014 γ
332 1944 393 2002 τοῦ
414 1942 432 2017 β
450 1934 625 2020 ἐπίτριτος.
658 1934 744 2018 λέγω
763 1935 816 2001 ὅτι
833 1935 852 2002 6
871 1959 892 2002 α
910 1946 972 2003 τοῦ
991 1960 1012 2015 γ
1031 1934 1124 2004 ἐστίν

110 2154 113 2167 “
235 2156 238 2165 ’
355 2148 443 2215 Ἐπεὶ
472 2151 535 2235 γὰρ
564 2149 626 2215 (iu
654 2158 714 2216 τοῦ
744 2155 761 2229 β
789 2149 880 2215 ἐστὶν
909 2149 1074 2236 ἡμιόλιος,
1106 2152 1123 2218 6

110 2242 113 2312 5
173 2306 176 2327 .
291 2283 312 2324 α
330 2260 394 2345 ἄρα
413 2261 478 2344 ἔχει
502 2259 561 2323 τὸν
587 2264 604 2338 β
626 2255 682 2322 καί
705 2258 741 2323 τὸ
764 2258 866 2342 ἥμισυ
885 2259 999 2324 αὐτοῦ.
1037 2259 1123 2324 ὀκτὼ

291 2368 356 2452 ἄρα
385 2366 420 2433 οί
449 2390 470 2431 α
499 2361 569 2431 ἶσοί
594 2368 659 2430 είσι
687 2365 816 2430 δώδεκα
844 2378 914 2443 τοῖς
943 2373 969 2447 β.
1020 2368 1123 2432 πόλιν
1138 2394 1164 2433 ιο

291 2472 360 2539 ἐπεὶ
384 2473 402 2538 6
425 2497 445 2549 γ
466 2482 526 2538 τοῦ
548 2478 565 2551 β
585 2471 675 2537 ἐστίν
694 2473 869 2556 ἐπίτριτος,
893 2473 910 2538 6
930 2497 949 2549 γ
970 2475 1036 2558 ἄρα
1056 2476 1121 2558 ἔχει

104 2582 126 2633 θ
168 2596 182 2636 3
229 2598 246 2647 η
290 2582 349 2645 τὸν
387 2586 404 2659 β
441 2578 496 2645 καί
533 2582 570 2645 τὸ
607 2587 720 2665 τρίτον
759 2581 872 2646 αὐτοῦ.
928 2580 1024 2645 ἐννέα
1057 2582 1123 2666 ἄρα

174 2781 191 2828 4
215 2773 230 2829 6
250 2774 287 2828 ad
306 2793 324 2828 α
342 2791 396 2829 om.
415 2774 460 2830 W.
553 2779 567 2826 7
592 2792 609 2828 α
633 2776 688 2842 ἄρα
707 2774 752 2844 W,
772 2793 790 2829 α
809 2791 862 2830 om.
882 2775 933 2843 61¹,
957 2775 1014 2843 ἄρα
1034 2793 1051 2829 α
1070 2775 1122 2830 Μ’.

105 2846 132 2920 β]
160 2845 212 2900 δύο
236 2846 281 2901 W.
376 2852 392 2899 9
420 2847 469 2900 τὸν
497 2844 598 2915 ἥμισυν
622 2846 666 2901 W.
761 2853 793 2901 10
820 2846 873 2901 ὃόο
901 2847 933 2901 δὲ
962 2878 995 2887 -
1024 2854 1082 2910 τοῖς
1105 2867 1122 2912 γ

104 2935 158 2973 om.
168 2917 213 2973 W.
282 2936 300 2972 α
317 2922 383 2988 post
401 2917 416 2972 6
436 2917 500 2973 add.
512 2917 561 2973 Μ’.
632 2926 665 2972 14
685 2913 824 2987 ἐπόγδοον
837 2918 889 2986 M’,
909 2919 939 2973 τὸ
959 2917 1062 2988 ὄγδοον
1077 2919 1122 2973 W.

104 2989 142 3044 ad
160 2989 280 3060 figuram
297 2989 372 3044 M²N
390 2989 498 3044 habent
516 2989 653 3060 ascriptos
672 2990 723 3045 hos
743 3006 888 3045 numeros:

520 3065 543 3115 θ
597 3078 613 3120 ς
677 3083 695 3130 η

522 3153 540 3201 η
587 3135 620 3205 ιβ
673 3138 698 3188 θ

514 3206 552 3277 οβ
586 3207 625 3277 οβ
661 3207 707 3278 ομ

104 3317 317 3326 ...η-.-

177 3391 190 3437 1
231 3382 284 3438 Hie
320 3381 406 3437 aliam
443 3383 570 3454 protasin
607 3382 696 3436 insert
727 3382 949 3438 Commentarius
983 3383 1020 3436 ud
1048 3383 1120 3438 Ptol.

104 3475 131 3527 p.
147 3461 208 3524 274,
224 3469 262 3524 ιο,
290 3471 346 3525 qua
375 3455 582 3509 demonstratur
609 3457 722 3524 praeter
750 3453 892 3524 duplicem
919 3454 1058 3509 rationem
1087 3471 1121 3510 ex

105 3526 408 3598 superparticularibus
427 3527 556 3596 componi
575 3524 761 3596 multiplicem
779 3523 896 3581 nullam.

685 3824 769 3837 ——un
