2466 3870
515 126 630 196 eiusque
651 126 741 181 libris.
1073 124 1137 186 ί231

114 288 153 351 de
177 288 246 350 eius
269 309 395 353 summa
418 294 460 357 35
486 292 540 356 hic
561 292 717 378 leguntur
739 291 842 355 redire
866 291 957 355 video
981 291 1017 355 in
1040 287 1141 353 theol.

114 416 145 477 p.
162 394 206 458 47
235 392 311 480 Ast,
344 400 454 463 lamen
485 397 575 483 qnod
601 396 712 461 addIta
738 396 865 461 unitate
891 398 1000 463 omnia
1026 395 1070 462 ad
1095 396 1140 463 36

114 499 300 587 diriguntur
322 508 356 569 et
378 503 432 569 hio
450 503 562 588 potins
579 522 734 567 numerus
751 500 902 565 laudibus
920 508 1065 589 ornatur,
1088 524 1141 569 ve

115 628 188 673 reor
204 630 247 673 ne
265 610 300 675 in
317 608 575 697 cogitationibus
591 628 756 673 versemur
768 628 788 673 a
801 604 1000 673 Nicomacho
1014 608 1138 675 alienis.

180 714 376 801 Excerpta
411 720 521 781 autem
554 713 633 781 haec
665 736 736 781 csse
766 736 826 781 nee
856 716 998 801 propriis
1030 716 1140 781 verbis

111 818 349 901 Nicomachum
380 823 471 907 loqui
504 822 593 889 vidos
625 844 664 887 ex
696 823 748 889 ὅτι
779 822 853 907 illo,
884 845 948 908 quo
977 822 1139 909 incipiunt

15 1005 17 1011 Ι
114 931 222 1015 capita
240 934 270 997 3.
289 932 311 993 4
335 930 384 1013 al,
407 950 447 994 ex
471 930 642 996 infinitivis
666 930 823 995 orationis
842 930 994 1015 obliquae
1011 932 1073 997 ci
1093 931 1137 997 in.

112 1034 169 1125 (cf.
194 1036 229 1123 l)
258 1041 292 1101 at
327 1036 383 1103 illo
414 1040 521 1121 φησίν
550 1059 577 1103 e.
599 1039 629 1103 8.
676 1037 796 1102 certius
829 1038 927 1102 etiam
963 1038 1137 1127 vestigium

112 1144 282 1227 scriptoris
308 1167 329 1210 a
355 1142 558 1211 Nicomacho
586 1145 704 1211 diversi
732 1144 913 1230 deprendis,
945 1144 1003 1209 ubi
1035 1148 1138 1211 veteri

111 1250 280 1317 stellarum
299 1250 406 1317 ordini
424 1250 467 1317 ad
484 1250 573 1317 illius
590 1251 786 1318 sententiam
804 1250 907 1316 relato
926 1256 1138 1337 opponuntur

111 1358 149 1425 oi
166 1370 295 1445 πρῶτοι
317 1358 384 1426 ἀπὸ
405 1371 475 1426 τῶν
496 1360 582 1445 πρὸς
598 1358 695 1445 ἡμᾶς,
717 1362 751 1425 et
767 1358 826 1425 ubi
843 1356 1035 1425 Nicomachi
1055 1358 1138 1427 cala·

110 1486 201 1531 mum
223 1465 351 1551 lapsum
374 1488 444 1533 essa
465 1466 608 1553 scriptor
626 1466 812 1552 suspicatur
827 1463 870 1555 (c.
883 1464 929 1555 3).
965 1467 1030 1533 iam
1048 1466 1137 1533 haud

110 1574 160 1639 cst
182 1572 273 1657 qnod
293 1577 478 1660 repetamus
502 1572 661 1639 nonnulla
683 1573 769 1639 inter
790 1594 825 1638 se
847 1573 1036 1661 discrepare,
1060 1594 1135 1641 cum

108 1700 152 1745 ne
169 1679 206 1745 in
223 1680 265 1745 iis
283 1681 414 1764 quidem
431 1702 516 1765 quae
534 1680 724 1746 recentioris
743 1680 879 1767 originis
897 1702 965 1745 esse
983 1681 1135 1747 ridentur

109 1787 220 1853 omnia
233 1786 316 1853 bane
330 1789 512 1854 concinant.
534 1809 611 1853 nam
624 1788 690 1853 in3
706 1786 763 1872 qui
771 1788 982 1854 recentiorem
992 1788 1136 1873 planeta·

109 1914 182 1959 rum
206 1894 353 1961 ordinem
376 1895 558 1981 constituit,
580 1898 705 1981 septem
727 1916 825 1961 sonos
846 1894 1005 1981 admittit3
1029 1898 1133 1981 oap.8

109 2002 166 2085 qui
201 2002 344 2088 scripsit,
379 2003 408 2070 is
441 2006 594 2068 octavum
624 2024 741 2068 sonum
771 2002 926 2091 adiungit,
976 2025 1014 2068 ac
1043 2003 1132 2069 caelo

107 2108 265 2174 stellifero
298 2109 480 2175 vindicatur
512 2110 548 2175 in
579 2113 597 2175 7
631 2109 733 2175 cubus
764 2109 891 2174 numeri
919 2111 953 2194 2,
980 2110 1016 2175 in
1042 2131 1069 2175 c.
1091 2113 1133 2177 10

108 2237 263 2281 numerus
277 2218 329 2282 36.
357 2217 544 2283 subvenisse
560 2218 664 2304 igitur
677 2217 822 2281 videmus
835 2239 934 2281 unum
951 2217 1001 2281 vel
1014 2216 1132 2303 plures

108 2324 163 2408 qui
191 2322 383 2389 Nicomachi
416 2324 579 2389 doctrinas
610 2324 877 2388 transscriberent
907 2328 940 2388 et
969 2324 1009 2388 ad
1039 2346 1131 2391 suam

106 2432 301 2497 sententiam
324 2433 516 2520 redigerent.
563 2432 597 2498 hi
622 2433 683 2497 viri
706 2455 725 2497 a
745 2453 879 2497 numero
898 2431 1041 2497 XXVIII
1065 2455 1130 2518 quo

108 2538 289 2605 Gerasenos
313 2563 410 2605 sonos
434 2542 602 2606 continere
625 2540 769 2625 docebat,
793 2540 957 2605 transiisse
981 2539 1131 2605 ridentur

105 2647 147 2711 ad
174 2669 344 2713 numerum
374 2648 528 2735 XXXVI,
560 2649 615 2734 qui
644 2652 771 2713 tantum
799 2648 927 2713 valebat
954 2648 988 2713 in
1015 2648 1131 2714 descri-

107 2753 220 2819 bendis
253 2759 286 2819 ct
318 2755 500 2821 dividundis
531 2756 668 2821 circulis.
720 2757 898 2840 excerptori
927 2760 1034 2820 autem
1062 2777 1130 2822 non

106 2862 220 2949 ignota
247 2861 345 2927 fuisse
374 2863 562 2929 harmonica
585 2863 763 2928 Ptolemaei
791 2885 864 2928 cum
891 2862 963 2928 aliis
991 2863 1129 2929 erebus

106 2968 354 3055 concludimus¹,
388 2974 458 3034 tum
490 2971 524 3035 in
555 2975 622 3036 c.5
655 2975 765 3054 aperte
795 2972 951 3055 scripturn
980 2972 1129 3060 legimus.

106 3077 193 3161 quod
216 3079 243 3142 si
267 3082 352 3142 recte
377 3079 410 3142 in
430 3078 558 3142 decanis
578 3079 642 3143 illis
663 3079 910 3163 interpretandis
929 3080 1127 3145 mentionem

107 3234 320 3243 -----.

178 3316 192 3362 1
213 3308 257 3362 Ad
282 3310 488 3381 βουκανισμούς
511 3312 541 3364 eb
564 3310 656 3363 λύκων
675 3309 820 3378 ὠρυγμούς
838 3326 862 3364 c.
878 3315 894 3362 4
913 3309 948 3364 cf.
967 3308 1123 3365 Ptolemaei

105 3379 192 3435 harm.
213 3381 270 3449 1⁴³
324 3398 391 3436 ares
411 3399 494 3436 sonos
515 3380 663 3449 exilibus,
683 3383 782 3436 acutos
801 3398 816 3436 e
836 3381 929 3452 capite
948 3380 1007 3452 peti
1026 3380 1125 3436 dicunt

103 3468 127 3506 c.
144 3457 160 3506 ³
179 3455 209 3506 et
227 3452 270 3507 Pt.
289 3399 328 3506 NI
346 3458 391 3519 10,
413 3454 450 3506 ad
470 3453 622 3521 δραστικὰς
641 3453 777 3522 δυνάμεις
796 3471 818 3508 c.
834 3460 850 3507 6
870 3453 926 3508 iam
946 3469 1031 3522 supra
1050 3469 1124 3508 eom·

102 3524 265 3595 paravimus
284 3524 381 3578 Pulli
397 3533 412 3579 9
432 3525 584 3594 δραστικὰς
603 3525 720 3586 στάσεις.
