2466 3870
490 335 618 406 (ιο-ιο)
635 329 722 407 njona
743 365 777 375 -
794 334 878 389 urst.
918 308 939 408 j
1063 387 1066 392 ,
1102 328 1188 383 xnm

261 499 369 559 Petrus
387 521 414 559 v.
433 502 460 560 d.
481 503 537 577 Aa,
556 501 651 562 Gatal.
671 493 789 578 (1716)
809 520 835 574 p.
853 504 924 559 341.
957 501 1035 561 hunc
1049 497 1188 557 Meibomi
1206 492 1227 560 (⁸

176 588 338 665 principem
366 590 479 650 fontem
503 587 689 650 Studemund
715 587 898 644 examinavit
919 580 961 667 (v.
989 589 1089 647 Amsel
1111 578 1189 667 124)

177 680 207 735 et
232 677 271 735 ad
294 677 467 738 Nicomachi
495 676 647 750 exemplar
674 673 832 748 adscripsit
855 675 1058 734 acurstissime
1082 693 1190 735 euma

178 765 333 827 lleibomio
352 786 414 826 esse
434 767 639 839 comparatum
659 763 765 838 vixque
785 762 848 820 ulla
866 763 896 820 in
915 782 945 820 re
961 763 998 820 ab
1012 763 1075 821 eius
1090 765 1190 824 lectio·

178 855 262 915 nibus
283 859 399 914 tertam
422 854 503 928 typis
526 869 680 912 excussum
703 852 845 911 recedere.

241 944 337 1021 Lugd
361 942 444 999 Voss.
466 943 515 1001 60.
548 942 640 1000 chart
665 941 735 999 anni
763 942 854 999 1557.
893 941 972 1014 Ars,
996 940 1059 1000 Nic.
1076 972 1118 980 -
1133 939 1231 1007 Hiero

179 1032 294 1091 exhibet
321 1031 352 1087 in
376 1029 445 1087 Arx.
475 1029 555 1089 locos
583 1030 652 1088 illos
675 1049 690 1086 e
715 1027 854 1087 (lleonide
878 1029 1000 1102 citatos,
1022 1029 1058 1088 de
1083 1029 1189 1105 quibus

180 1139 204 1178 v.
223 1117 395 1193 llarquardi
415 1120 450 1176 A.
468 1120 530 1178 392
550 1121 582 1176 et
599 1118 677 1175 huno
697 1116 805 1174 librum
826 1115 904 1174 intra
925 1136 952 1190 p.
971 1119 1040 1175 171.
1070 1118 1188 1177 eNieo·

181 1206 281 1265 macho
300 1206 430 1265 contulit
448 1205 633 1264 Studemnnd
652 1225 679 1281 p.
698 1207 805 1263 1-18
825 1204 862 1261 Μ.
898 1205 1049 1279 conspirat
1067 1225 1134 1264 oum
1153 1206 1189 1279 U,

179 1313 241 1353 curn
255 1293 346 1353 habet
364 1295 441 1373 βιβλ.
456 1311 489 1368 α,
508 1313 565 1353 om.
585 1292 634 1353 διὰ
650 1295 724 1367 236,
741 1306 782 1367 16,
801 1292 892 1351 habet
908 1291 987 1372 παρὰ
1002 1297 1064 1364 τοῖς
1079 1296 1152 1367 237,
1163 1305 1188 1367 8,

179 1382 301 1461 φορτίον
323 1395 369 1456 12,
398 1379 588 1466 διῃρημένοις
612 1384 729 1455 233,1.
780 1381 892 1439 recedit
922 1384 1023 1439 autem
1055 1382 1092 1440 ab
1125 1382 1188 1456 hoc,

179 1489 242 1530 oum
269 1471 373 1532 scribit
399 1468 458 1530 ὑπὸ
484 1479 638 1548 μνηματῆς
662 1472 738 1544 236,
758 1471 792 1542 3,
819 1468 898 1552 τόπῳ
925 1489 979 1545 pro
1010 1471 1121 1554 Τιμαίῳ
1147 1483 1188 1543 14,

181 1555 226 1619 trel
249 1579 304 1636 pro
326 1557 392 1637 περὶ
418 1561 558 1634 237,12,
586 1555 602 1618 6
625 1555 679 1635 μὲν
702 1577 755 1634 pro
784 1557 864 1635 ὅμως
888 1570 932 1631 lt,
960 1558 1188 1635 πυνθανώμεθα

179 1640 218 1728 (U
235 1640 310 1728 ind)
330 1649 465 1722 238,1a,
488 1645 680 1726 ἐξηγούμενοι
702 1666 756 1723 pro
780 1643 947 1725 ἕξηγούμην
965 1662 1011 1707 σοι
1027 1663 1058 1704 ιι.
1086 1647 1188 1707 ¹Nico-

179 1737 312 1795 machum
332 1737 561 1812 transscriptum
580 1735 764 1794 Studemund
788 1735 970 1794 existimavit
992 1756 1007 1792 e
1032 1735 1121 1809 Scal,
1144 1737 1188 1794 ita

178 1826 275 1883 tamen
297 1829 386 1884 utet
409 1825 476 1883 Vat
494 1827 555 1885 198
580 1824 790 1884 consuleretur.
828 1842 959 1883 errorum
982 1843 1120 1882 numerus
1143 1828 1189 1883 est

179 1931 310 1990 magnus,
332 1917 368 1971 ut
390 1909 569 1990 ἐποιήσαμεν
593 1915 724 1988 238,1s,
748 1911 859 1983 διεστὸς
884 1915 1000 1985 239,1,
1026 1909 1139 1991 ἐγέρασι
1161 1925 1187 1987 2,

178 1997 348 2079 ἐπιστήμασι
372 2013 401 2074 6,
434 2021 486 2060 nec
519 2001 682 2076 quidquam
715 2003 773 2060 fuit
806 2001 884 2077 quod
917 2002 947 2058 in
981 2001 1186 2060 constituendo

180 2092 261 2148 textu
283 2091 466 2165 respicerem.
512 2090 595 2147 Petri
619 2089 681 2147 cat.
707 2110 734 2165 p.
752 2092 823 2149 195.

241 2177 334 2256 Lugd.
354 2178 438 2236 Voss.
459 2180 508 2236 68.
543 2178 648 2253 Porph.
673 2179 778 2237 Bacch.
799 2177 861 2247 AQ.
886 2178 967 2237 Petri
987 2176 1049 2236 cat.
1070 2199 1097 2254 p.
1114 2180 1185 2238 394.
1200 2175 1227 2241 (⁵

242 2266 335 2344 Lugd
360 2267 443 2326 Voss.
465 2270 506 2327 70
530 2267 600 2325 anni
628 2269 720 2325 1556.
753 2267 831 2327 Ptol.
853 2299 893 2307 —
913 2266 976 2325 Cat.
1001 2267 1038 2325 ib.
1200 2264 1226 2329 (ὅ

242 2354 335 2433 Lugd
358 2358 419 2414 133
449 2349 572 2435 (XVIII.
601 2358 647 2414 16.
678 2349 724 2435 F).
762 2355 790 2414 S.
811 2355 903 2414 XVII.
941 2356 1048 2430 Porph.
1079 2376 1094 2415 e
1122 2358 1184 2415 eod.
1200 2352 1227 2418 (6

177 2441 273 2521 Magd
292 2447 482 2519 comparatus
501 2463 568 2503 cum
587 2442 638 2503 01.
659 2445 726 2502 Bar.
746 2445 855 2502 etalio
875 2442 927 2503 Ox.
947 2445 1031 2502 Bodl.
1051 2463 1069 2502 a
1088 2443 1185 2522 Lang-

177 2529 282 2591 ba'mio.
327 2532 447 2593 Scholia
474 2533 506 2591 in
529 2533 605 2591 Ptol.
634 2533 726 2591 harm.
752 2531 810 2608 Μή
833 2556 876 2604 τις
898 2529 1007 2592 οἰέσθω
1031 2524 1089 2613 (--·-
1108 2533 1184 2591 Ptol.

177 2618 222 2677 III
245 2613 301 2701 16)
333 2639 351 2679 a
383 2621 525 2679 Barlaam
555 2622 686 2679 refutate
716 2613 826 2702 (Franz
858 2622 893 2678 de'
926 2614 1068 2701 musicis).
1119 2621 1185 2679 finis

176 2704 263 2768 oridia
292 2708 520 2787 ypporpsdovdw
547 2702 609 2789 (Fr.
636 2712 691 2783 20,
711 2701 767 2789 36).
823 2709 938 2784 reliqua
972 2710 1183 2768 desiderantur.

178 2793 256 2871 (leel,
278 2797 343 2857 eas
367 2798 432 2857 libr.
457 2799 508 2873 qui
532 2805 648 2872 posta.
676 2801 757 2857 1741
784 2801 975 2857 accesserunt
1006 2820 1033 2874 p.
1055 2800 1103 2857 32.

241 2885 335 2964 Lugd
358 2888 419 2946 135
444 2880 561 2964 (XVIII
584 2887 647 2944 Per.
672 2887 702 2943 F.
718 2877 783 2965 41).
809 2887 851 2944 ch.
876 2887 926 2944 fol.
951 2887 979 2945 S.
994 2887 1072 2945 XVI.
1105 2888 1184 2947 Ano·
1199 2885 1225 2951 (6

177 2975 256 3048 nymi
269 2974 378 3033 introd.
393 2976 485 3032 herm.
528 2975 655 3048 scriptus
669 2994 760 3033 manu
774 2975 885 3033 Bonav.
901 2975 927 3028 V
929 2977 1052 3049 uloanii3
1070 2976 1186 3034 videtur

177 3061 264 3121 fuisse
287 3063 450 3122 Bnrmsnni
476 3063 537 3122 Sec.
583 3067 629 3122 est
652 3063 784 3121 Euclidis
810 3065 856 3121 vel
881 3063 1028 3123 Cleonidis
1052 3065 1104 3121 illa
1128 3065 1184 3123 isa-

177 3170 263 3228 goge,
289 3152 340 3210 sed
364 3153 464 3211 insunt
488 3173 515 3227 p.
539 3153 662 3227 185,19
687 3152 776 3211 verba
799 3153 939 3211 Aristidis
962 3151 1184 3231 προσλαμβανό-

178 3259 262 3314 μενος
285 3238 339 3316 μὲν
362 3231 417 3300 οὖν
440 3243 498 3300 cti
524 3245 648 3315 ρ.10,6
672 3242 711 3299 ad
735 3241 861 3317 δύναμις
884 3240 979 3300 ἵστατο
1006 3245 1056 3314 11,
1070 3254 1112 3301 36.
1147 3242 1183 3300 of.

177 3325 261 3387 lieib.
285 3329 323 3387 ad
346 3330 408 3399 ΑΟ.
430 3332 502 3389 208.
531 3331 574 3387 ita
602 3331 707 3388 inserit
734 3331 895 3388 sententias
922 3330 1063 3389 Aristidis
1094 3332 1184 3389 etiam

177 3434 205 3490 p.
225 3419 327 3491 187‚a
346 3423 377 3477 et
397 3431 437 3477 19.
480 3419 551 3477 socii
575 3423 645 3477 sunt
664 3412 758 3498 (156)
783 3419 874 3478 codex
892 3419 1043 3478 Possevini
1069 3423 1100 3478 et
1118 3419 1183 3478 Psr.

178 3497 271 3584 (143)
294 3508 389 3583 suppl.
409 3510 481 3566 449.
529 3505 600 3565 Geel
619 3511 669 3568 40.

242 3593 392 3654 Lutetiam
415 3597 481 3654 vide
506 3596 559 3653 sub
583 3596 613 3652 P.

242 3681 467 3743 Matritensis
491 3676 574 3764 (bibl.
600 3678 718 3766 populi)
741 3686 768 3743 N
793 3687 849 3759 48,
873 3686 963 3744 chart.
989 3679 1030 3744 4⁰.
1064 3685 1091 3743 S.
1108 3685 1184 3745 XIV.
1199 3683 1227 3748 (6
