2466 3870
525 144 702 201 Mesomedis.
759 118 761 122 .
811 109 813 113 Ι
1059 143 1124 205 459

103 307 288 371 ductionem
325 306 435 390 potius
468 307 613 390 syllabae
645 332 711 391 μου
744 308 804 371 hac
836 314 914 372 nota
947 306 1122 393 significari

102 414 203 499 (siout
234 414 428 498 productum
460 413 504 477 αὐ
533 412 589 476 illa
617 417 695 475 nota
719 447 752 461 «-
777 414 809 476 in
835 435 861 476 v.
883 413 918 497 3)
948 416 1122 478 rectissime

104 520 185 586 vidit
207 520 413 586 Bellermann
435 543 465 604 p.
487 521 538 583 64.

170 628 284 693 Altera
320 633 369 691 est
407 625 583 710 dubitatio,
620 626 675 709 qui
709 647 809 690 sonus
842 627 980 710 scriptus
1015 628 1057 690 sit
1092 629 1123 690 in

103 736 230 820 syllaba
252 735 357 818 prima
380 734 471 797 verbi
492 736 597 816 Δήλιε
617 756 645 797 v.
661 735 690 799 8.
728 755 765 797 ac
786 733 914 820 signnm
932 731 984 820 Ι”
1005 734 1123 798 codicis

103 843 135 908 N
173 843 308 906 forsitan
356 843 430 926 quis
476 842 674 905 revocaverit
715 841 755 904 ad
797 842 865 905 toni
904 841 1121 925 hypophrygii

103 953 281 1034 parypaten
314 949 473 1033 hypaton,
506 948 562 1011 scd
594 949 692 1012 nimis
720 971 737 1011 c
768 947 872 1012 medio
904 956 1044 1010 ronanus
1074 955 1124 1012 cst

102 1057 210 1143 gravis
243 1056 297 1120 ille
329 1077 429 1121 sonus
462 1061 496 1119 et
528 1056 568 1119 ab
603 1055 664 1120 hoc
696 1061 793 1120 cantu
826 1077 957 1138 prorsus
991 1056 1122 1119 alienas.

104 1165 201 1228 codex
230 1170 337 1229 autem
362 1161 392 1224 V
421 1162 520 1226 habet
543 1166 654 1226 notam
677 1159 715 1244 Γ,
747 1186 828 1245 qnae
856 1164 890 1226 in
918 1164 1122 1227 tetrachordo

103 1292 334 1353 synemmenon
353 1269 421 1333 toni
441 1268 522 1352 lydii
541 1272 656 1352 exstat,
679 1273 803 1333 etcum
823 1269 857 1333 in
876 1267 1122 1335 Atheniensium

103 1399 231 1462 quoque
265 1377 386 1460 hymno
414 1374 466 1463 (2)
501 1397 600 1440 sonus
632 1377 654 1441 d
684 1375 748 1459 (τό)
780 1397 866 1440 nunc
895 1376 921 1441 l<
955 1378 1122 1461 scribatur,

103 1505 188 1549 nunc
212 1484 236 1570 l,
263 1484 397 1548 dubium
427 1485 491 1547 iam
519 1504 585 1548 non
613 1488 674 1567 est,
703 1484 783 1567 quin
811 1488 896 1548 recte
919 1483 1122 1548 Bellermann

104 1614 133 1674 p.
159 1593 200 1656 79
230 1592 360 1679 signum
390 1590 470 1656 illud
500 1591 697 1654 revocaverit
728 1590 768 1653 ad
795 1598 976 1674 paraneten·
997 1615 1123 1675 synem-

104 1721 227 1763 menon.
