2466 3870
90 123 179 188 44·
355 88 363 95 ’
400 78 753 177 '?·'11.12⁶..m;eea·
788 123 852 209 j
902 192 908 198 .
946 194 954 199 ,

100 288 212 373 negat,
242 303 353 367 parem
385 278 440 345 ille
471 278 668 363 eandemque
694 278 836 345 affimat
862 302 932 349 esse
961 304 1115 351 sonorum

103 390 298 456 celeritatem
336 388 369 449 et
403 387 572 449 acutorum
604 386 637 448 et
668 384 830 471 gravium3
865 392 1054 471 praesertim
1085 391 1115 457 si

103 494 294 575 consonent,
320 493 420 577 negat
445 493 538 555 motu
564 510 620 555 eos
648 488 775 555 ditione
796 512 905 577 posse,
931 492 988 557 sed
1014 516 1117 581 aequa

103 621 173 665 esse
200 597 364 663 celeritate
391 595 619 685 (ἰσοταχοῦσιν
641 594 772 686 ἄμφω),
799 596 856 684 qni
882 600 991 663 tamen
1011 600 1116 665 acutis

103 704 192 771 souis
215 704 363 769 tribuant
383 725 554 770 numerum
576 704 744 791 maiorem,
771 702 892 770 versari
917 704 953 769 in
973 704 1116 771 maximo

104 831 220 876 errore.
252 808 332 875 haec
353 813 463 877 tamen
485 810 514 877 si
536 810 602 877 fuit
622 808 729 877 Eresii
751 808 839 877 illius
857 808 1011 899 doctrina,
1033 810 1118 877 nihil

104 916 179 982 inde
214 917 248 981 in
283 916 387 983 ullum
420 916 536 984 harum
567 918 748 984 sectionum
778 917 945 1004 problema
975 917 1116 983 transiit.

104 1023 168 1089 hoc
203 1024 382 1091 rectissime
413 1024 478 1091 iam
509 1022 592 1089 vidit
621 1022 737 1090 Prantl
768 1022 856 1112 (acta
885 1024 1010 1091 hlonae.
1027 1022 1114 1091 VII

105 1153 136 1216 p.
150 1129 240 1219 374),
262 1152 322 1196 nec
344 1130 520 1217 quidquam
542 1130 577 1194 in
599 1128 652 1195 his
669 1128 767 1195 rebus
785 1132 836 1195 est
854 1130 981 1197 certius.
1020 1150 1060 1197 ac
1075 1151 1118 1197 ne

105 1237 194 1303 aliud
221 1237 300 1323 quid
322 1240 448 1301 statuas
473 1234 512 1300 de
534 1234 678 1300 sectione
699 1232 791 1299 XIX:
817 1234 872 1301 hic
894 1256 1023 1321 quoque
1044 1256 1118 1301 acu·

105 1365 181 1409 men
214 1343 423 1431 gravitasque
457 1340 530 1407 soni
563 1340 599 1405 in
630 1336 794 1405 cleonte
823 1340 933 1425 posita
962 1340 1120 1407 docentur

106 1448 174 1538 (37.
192 1447 260 1517 35⁶.
278 1447 347 1537 49),
368 1446 424 1513 hio
441 1466 570 1531 quoque
586 1442 867 1533 Pythagoreorum
884 1444 959 1513 illae
975 1447 1119 1515 rationes

106 1555 322 1621 ostenduntur
348 1553 504 1637 diapason
529 1548 578 1637 Ἀ,
605 1550 755 1636 diapente
781 1548 829 1639 Ἃ,
856 1552 1057 1619 diatessaron
1081 1552 1118 1640 ⁴l,

106 1660 168 1749 (pr.
187 1663 239 1729 23.
258 1661 302 1726 84
316 1659 373 1745 [a
388 1657 456 1745 41].
471 1658 523 1723 85.
537 1657 590 1724 39.
604 1656 648 1723 50
675 1662 709 1723 et
730 1680 814 1745 qnae
835 1662 913 1725 sunt
935 1658 974 1725 de
995 1659 1119 1747 hypata

105 1773 138 1835 et
167 1770 243 1832 neta
266 1769 296 1832 Ἰ.
317 1766 359 1831 14
373 1762 442 1853 al),
467 1762 547 1829 talia
573 1784 590 1828 e
617 1762 834 1850 Theophrasti
861 1766 991 1852 scriptis
1017 1766 1119 1834 liuere

104 1874 194 1939 nullo
218 1872 314 1938 modo
336 1874 521 1957 potuerunt.
558 1874 672 1937 contra
693 1872 806 1937 multis
820 1873 864 1938 -in
885 1872 981 1938 rebus
1001 1872 1120 1940 horum

103 1979 342 2066 problematum
375 1978 522 2044 doctrina
550 1978 698 2062 prox-ime
724 1977 847 2044 accedit
874 1979 914 2043 ad
941 1982 1120 2046 sententias

104 2088 207 2173 ipsius
226 2084 468 2151 Aristotelis.
505 2106 621 2175 sonum
643 2085 728 2149 enim
747 2106 816 2150 esse
835 2086 934 2150 ictum
953 2085 1007 2151 hic
1026 2086 1120 2152 docet

104 2193 159 2284 (de
182 2194 289 2259 anima
307 2190 339 2256 ΙΙ
360 2193 389 2277 8,
409 2189 511 2278 210)
535 2195 633 2276 atque
651 2190 736 2257 effici
754 2192 837 2257 aeris
855 2196 947 2256 motu
965 2193 1121 2259 continuo

105 2300 162 2389 (ib.
178 2303 207 2365 5.
222 2298 269 2388 6),
285 2321 421 2364 acumen
439 2302 547 2363 autem
563 2320 718 2364 sonorum
732 2299 890 2364 contineri
904 2299 986 2364 aeris
1000 2298 1121 2366 vibrati

107 2407 284 2492 celeritate,
306 2407 500 2493 gravitatem
523 2405 677 2470 tarditate
700 2403 757 2492 (ib.
777 2407 811 2491 8,
837 2407 1001 2493 generatio
1025 2408 1122 2473 anim.

105 2513 138 2577 V
158 2518 187 2598 7,
202 2511 246 2601 2),
275 2516 307 2577 et
335 2534 399 2597 quo
428 2510 546 2576 fortius
574 2534 629 2575 aer
654 2512 814 2597 pulsetur,
843 2534 880 2576 eo
908 2533 1023 2577 sonum
1050 2512 1121 2577 fieri

107 2619 292 2685 celeriorem
320 2619 561 2702 acutioremque
588 2616 709 2705 (gener.
733 2619 776 2684 ib.
796 2621 825 2683 2.
840 2617 889 2707 3),
916 2656 961 2666 —
986 2640 1121 2703 prorsus

107 2725 217 2791 eadem
244 2725 325 2813 legis
354 2726 392 2790 de
420 2747 574 2790 sonorum
600 2729 718 2789 natura
740 2727 775 2790 in
796 2725 1033 2810 problematum
1057 2746 1123 2790 sec

107 2833 195 2897 tione
217 2831 289 2897 XF.
332 2832 388 2896 sed
420 2832 521 2896 altera
553 2835 602 2896 est
639 2853 735 2896 eausa
766 2831 922 2896 acuminis
955 2834 987 2895 et
1017 2833 1123 2918 gravi-

107 2939 194 3004 tatis.
238 2940 321 3002 fiunt
345 2938 430 3003 enim
453 2938 524 3003 soni
548 2938 645 3002 etiam
669 2960 706 3003 eo
730 2939 903 3023 acutiores,
926 2959 990 3022 quo
1013 2939 1122 3003 minus

108 3046 190 3111 aeria
213 3050 369 3131 movetur,
392 3045 536 3132 gravitas
558 3046 666 3130 posita
690 3049 739 3109 est
761 3046 796 3110 in
819 3045 902 3110 aeris
924 3044 1006 3108 moti
1029 3045 1124 3129 copia

184 3284 194 3328 ι
217 3274 305 3328 Sonus
325 3271 446 3327 efficitur
464 3271 522 3326 ictu
542 3271 627 3327 aeris:
647 3290 687 3344 pr.
706 3272 746 3327 XI
765 3278 789 3327 6.
811 3279 852 3329 14.
872 3278 914 3328 19.
929 3277 972 3341 42,
991 3288 1062 3345 opus
1078 3276 1123 3330 eat

109 3346 188 3400 motu
207 3344 352 3400 continuo:
371 3343 450 3412 xlc,
470 3359 587 3398 acumen
605 3343 638 3398 fit
655 3342 812 3400 celeritate:
833 3342 869 3400 ib.
889 3349 914 3400 ³.
934 3343 1123 3402 14444841.

110 3415 239 3472 celeritas
253 3413 444 3469 vibrationum
457 3414 563 3484 pendet
576 3430 610 3468 ex
625 3413 698 3469 ictus
712 3414 890 3471 fortitudine:
907 3420 948 3471 14.
963 3418 1006 3472 47.
1020 3420 1064 3472 tt.
1078 3421 1123 3473 40.

110 3487 145 3542 de
163 3489 241 3541 motu
260 3485 391 3541 continuo
410 3485 446 3541 cf,
461 3491 484 3539 6.
