2466 3870
556 280 569 358 ‚¹
670 266 1001 385 (t)VeuMare.V18.

809 426 821 453 0

395 478 441 536 Ne
463 478 535 536 XIV
563 480 682 556 quidem
708 479 836 538 saeculo
849 477 879 535 in
903 477 1051 536 veteribus
1074 480 1183 540 codicis
1206 501 1226 557 p

327 566 424 624 multa
445 573 580 627 correcta
602 569 649 628 vel
667 569 786 625 mutata
804 569 880 623 sunt
913 566 1003 624 immo
1022 584 1088 625 cum
1107 567 1138 624 in
1157 588 1197 625 m:
1227 596 1233 639 :

328 673 424 714 novae
456 657 611 716 doctrinae
642 646 899 729 inscriberentnr¹‚
932 673 1026 714 vacua
1062 654 1233 729 plerumqn

327 745 428 820 spatia
446 749 534 804 erant
551 764 605 803 nec
623 741 744 802 scholiis
762 743 811 801 vel
829 742 1040 802 additamentis
1059 743 1211 819 impedita.

328 853 419 910 quam
452 835 484 892 in
515 833 567 892 fol.
596 834 654 891 33v
690 848 758 889 cum
790 831 962 890 Nicomachi
994 853 1054 892 exe.
1080 837 1097 892 7
1136 831 1225 891 inseri

328 924 451 983 recessit
473 921 629 995 aliquanto
654 917 802 994 librarius,
828 920 907 994 qnod
930 921 968 978 ad
991 923 1162 980 Aristoxeni
1185 923 1232 998 pri

329 1005 371 1090 (p.
392 1013 434 1068 25
453 1000 528 1087 Mb.)
547 1008 608 1065 iam
627 1007 780 1084 adscripta
798 1011 884 1066 erant
902 1025 978 1081 quae
1000 1009 1075 1085 legis
1093 1011 1173 1085 apud
1191 1010 1232 1067 M:

329 1100 399 1156 dum
414 1116 441 1171 p.
455 1098 528 1154 134.
542 1096 616 1154 haec
630 1099 731 1154 autem
749 1101 820 1155 ante
834 1094 901 1152 Vat
917 1096 1123 1173 apographum
1142 1099 1233 1172 scrip

328 1191 419 1260 atque
445 1185 477 1242 in
500 1184 551 1243 fol.
572 1186 591 1243 5
616 1203 683 1243 cum
702 1185 777 1243 illud
796 1183 827 1242 τὸ
848 1179 879 1241 δὲ
897 1181 1088 1262 συνημμένον
1111 1180 1230 1257 194,16

329 1293 421 1349 usqne
454 1273 494 1331 ad
525 1270 607 1351 μέχρι
632 1273 725 1343 ,abest
756 1291 775 1330 a
809 1266 894 1352 Vat.)
927 1273 1010 1330 tenui
1042 1273 1145 1348 aliqua
1177 1272 1214 1331 lit

328 1364 426 1421 forma
448 1355 626 1437 inscriptum
648 1361 793 1438 marginis
816 1364 932 1436 partem
956 1366 1136 1437 occupasset,
1158 1362 1184 1420 is
1208 1381 1227 1435 q

329 1450 416 1509 stidis
442 1455 539 1508 artem
567 1449 743 1525 excerpebat
768 1449 799 1507 in
822 1451 993 1528 angustiore
1017 1455 1102 1526 parte
1131 1469 1160 1508 se
1188 1469 1233 1508 co

330 1538 467 1615 quamvis
502 1541 603 1596 antem
635 1539 731 1596 multa
763 1542 944 1597 correctores
980 1538 1123 1597 adderent
1154 1539 1184 1596 in
1225 1544 1233 1565 ·

329 1627 463 1688 Euclidis
495 1627 653 1704 isagogen,
682 1626 851 1704 marginum
881 1627 980 1701 spatio
1009 1645 1161 1702 nunqnam
1191 1645 1227 1685 us

330 1717 410 1793 qnod
432 1719 610 1792 occupatum
633 1715 812 1774 invenerunt
834 1714 1000 1790 praeceptis
1023 1715 1171 1773 Aristidis.

397 1805 476 1864 Nam
513 1805 631 1864 saeculo
667 1802 738 1863 XIV
775 1804 864 1862 homo
901 1803 952 1862 ille
989 1804 1071 1862 venit
1107 1801 1230 1861 memb

333 1895 536 1969 parcissimus,
569 1894 620 1968 qui
657 1893 748 1951 trium
786 1897 940 1952 auctorum
973 1893 1122 1952 doctrinas
1154 1892 1230 1950 musi

332 1982 441 2040 codicis
472 1981 657 2058 marginibus
690 1982 849 2058 inscripsit
904 2001 971 2041 cum
1003 1981 1081 2040 haud
1112 1981 1218 2058 elegen

331 2069 483 2145 scripserit
517 2088 571 2128 nec
602 2070 770 2145 aequaliter
799 2070 1038 2146 compendiisqne
1068 2070 1171 2128 multis
1201 2089 1232 2127 u*

332 2163 432 2235 partes
455 2157 493 2216 ab
516 2176 551 2216 eo
575 2158 703 2232 scriptae
726 2176 786 2216 non
810 2159 897 2218 facile
921 2159 1067 2235 leguntur.

398 2247 485 2306 Hunc
515 2245 634 2306 saeculo
661 2245 716 2304 XV
747 2248 840 2306 secuti
871 2252 940 2306 sunt
967 2247 1002 2323 ii,
1030 2248 1080 2322 qui
1104 2250 1219 2306 veteres

333 2337 466 2395 delerent
501 2353 636 2410 novaque
672 2335 768 2393 multa
804 2336 997 2394 intruderent
1052 2337 1197 2394 nonnulla
1231 2366 1233 2383 ι

332 2425 364 2482 hi
391 2424 570 2482 addiderunt
597 2441 673 2498 quae
701 2424 788 2481 facile
818 2425 884 2499 quis
911 2443 964 2483 suo
991 2425 1111 2501 ingenio
1139 2425 1221 2482 inve

332 2513 463 2587 pardum
487 2512 620 2570 ordinem
643 2514 763 2569 mutant
785 2512 816 2569 in
839 2513 976 2591 isagoges
996 2514 1092 2588 initio,
1116 2530 1204 2571 sonos
1228 2538 1233 2563 ι

331 2601 472 2676 supplent
490 2593 533 2679 (p.
556 2601 617 2658 182
633 2592 696 2680 ss),
717 2603 771 2658 ant
793 2618 881 2659 sonos
903 2601 1040 2660 diatonos
1062 2622 1097 2660 ex
1116 2621 1217 2677 oxypy

332 2692 470 2767 pungunt
481 2680 604 2769 (186)'‚
617 2688 821 2763 exemplorum
834 2708 987 2748 numerum
1002 2695 1113 2768 augent
1122 2681 1232 2771 (187);

333 2779 412 2854 qnod
440 2796 516 2853 qnae
544 2777 659 2836 addunt
686 2777 799 2852 optime
827 2778 977 2853 quadrant
1002 2797 1069 2837 cum
1096 2779 1164 2837 aliis
1187 2797 1233 2837 οο

332 2868 401 2925 hinc
424 2867 493 2925 illos
515 2866 655 2941 petivisse
679 2865 858 2925 credendum
881 2858 952 2924 est.³

404 3112 417 3160 1
437 3104 469 3158 ln
488 3104 523 3157 iis
542 3121 615 3173 quas
634 3120 668 3158 ex
683 3104 808 3159 Aristide
828 3108 959 3175 excerpta
978 3107 1043 3157 sunt
1062 3106 1178 3159 attende
1192 3105 1219 3160 le

331 3194 382 3248 pro
400 3171 471 3246 ἦχον
489 3193 516 3245 p.
532 3182 556 3245 7,
568 3193 592 3230 ιι
611 3175 640 3228 Μ
660 3179 696 3244 (t,
706 3191 732 3231 rs
750 3175 795 3245 J.).

405 3253 421 3301 2
440 3245 564 3300 Attsnde
585 3251 682 3314 187,15
700 3245 834 3301 διάτονον
853 3248 886 3301 οὐ
905 3243 1013 3315 μετέχει
1030 3255 1148 3301 πυκνοῦ.
1186 3247 1233 3301 S'o

332 3318 469 3373 indicium
488 3315 574 3384 illius,
594 3315 643 3385 qui
661 3316 692 3371 in
706 3317 828 3372 Bacchio
847 3323 910 3384 §25
929 3334 1052 3387 pycnum
1071 3317 1100 3371 in
1114 3333 1216 3387 genere

332 3389 446 3444 admitti
469 3390 564 3457 nogat
601 3386 775 3443 commodius
798 3390 894 3443 autem
917 3387 973 3442 fuit
995 3387 1064 3442 artis
1088 3388 1231 3460 magistris

331 3461 404 3515 ferre
421 3458 508 3529 pycni
526 3475 627 3513 nomen
646 3458 733 3513 otiam
752 3460 780 3513 in
800 3476 887 3531 genus
902 3458 1057 3527 diatonum,
1077 3462 1163 3528 atque
1177 3476 1225 3515 exe

331 3531 362 3586 hi
381 3530 442 3584 soni
461 3529 491 3584 in
510 3532 605 3584 vetere
622 3529 754 3600 isagoges
773 3533 865 3598 textu,
884 3530 918 3585 cf.
938 3530 1040 3585 Bacch.
1060 3536 1102 3586 20.
1123 3537 1164 3587 33.
1184 3531 1211 3601 (J
1220 3556 1227 3580 ι

404 3607 420 3655 8
438 3600 494 3656 Illa
511 3605 537 3667 ιβ
551 3619 579 3666 ιγ
599 3606 680 3668 ιδῃ
698 3603 763 3671 post
781 3602 881 3670 μέτρου
901 3618 982 3656 esna
996 3606 1090 3657 mento
1106 3618 1188 3656 nemo
1203 3619 1232 3657 a·

333 3679 415 3742 190,ο
428 3689 502 3742 qnae
516 3671 625 3726 intrim
640 3673 705 3726 sunt
719 3673 888 3727 conveniunt
901 3690 965 3726 curn
979 3673 1127 3743 Brycnnio‚
1143 3676 1172 3728 et
1186 3681 1218 3727 19
