2466 3870
78 92 209 239 Ι2140·
379 96 384 103 ⁵
490 88 793 202 *lucterius*
852 134 859 161 ·“
926 100 977 141 ..c

100 318 229 381 vetusta
246 311 305 377 illa
318 309 530 374 monumenta
543 306 579 371 in
590 304 757 391 lapidibus
768 306 947 393 inscripta'i
964 348 1008 359 —
1025 309 1126 377 idem-

101 441 163 507 que
189 436 342 504 magnam
369 412 493 499 dialogi
519 415 661 499 purtem,
688 414 794 477 totum
819 412 888 479 fere
912 412 1030 499 Lysiae
1055 438 1127 508 oras

99 527 223 591 tionem
241 542 268 587 c.
282 520 404 611 3-710,
426 518 456 585 ei
476 518 578 586 refert
594 522 769 605 acceptam
800 538 862 585 nec
878 516 1051 589 defuerunt
1066 524 1127 609 qui

99 630 195 717 plane
207 624 402 712 Westphalo
421 624 678 693 assentirentur.²
704 624 795 713 quod
810 646 886 692 cum
898 624 1006 693 Hillor
1022 626 1054 693 ei
1069 628 1129 695 ob-

100 739 246 803 versatus
267 733 438 821 paululum
460 733 644 803 Heraclidis
664 734 702 801 in
722 756 762 801 ea
782 736 877 822 perte
897 734 1127 801 auctoritatem

100 840 295 930 restrinxit²‚
329 844 416 909 inter
447 865 561 911 omnes
590 847 703 911 husen
732 846 862 911 constet
891 844 1009 909 mem
1038 838 1128 909 hunc

100 948 228 1014 fidelem
261 949 370 1015 induci
396 950 433 1015 iu
458 948 629 1017 Plutarchi
650 972 678 1017 c
697 950 732 1038 3,
764 953 798 1017 et
824 950 1027 1040 euagrephss
1052 948 1129 1017 illes

101 1056 337 1123 vetustissimas
355 1056 476 1145 quibus
491 1057 584 1127 uisus
601 1057 648 1125 sit
664 1056 842 1125 identidem
857 1058 952 1125 citari
964 1080 991 1125 c
1004 1058 1036 1127 3.
1050 1058 1082 1125 5.
1095 1058 1127 1127 8.

103 1162 204 1250 quid?
238 1162 443 1231 Athenarum
471 1164 701 1249 inscriptiones
728 1164 794 1233 at
822 1162 923 1231 alium
949 1166 1130 1233 acumine

101 1272 290 1359 putebimus
308 1276 406 1357 atque
424 1292 500 1336 eum
517 1270 575 1357 qui
589 1268 741 1355 Sicyonis
757 1268 874 1337 titulos
891 1270 928 1337 in
938 1292 1129 1361 synagogen

102 1400 195 1445 suam
221 1376 431 1444 adhibuerit?
452 1412 497 1425 -
518 1377 632 1463 itaque
657 1376 688 1443 si
710 1397 779 1443 non
800 1376 890 1443 solus
911 1376 1006 1443 testis
1026 1376 1129 1444 Hera·

103 1484 201 1552 clides
230 1488 281 1550 est
305 1482 476 1549 Plutarchi
500 1482 668 1568 personati
694 1483 732 1549 in
751 1482 819 1549 illis
840 1482 1014 1571 capitibus,
1041 1488 1131 1551 certe

103 1592 197 1658 testis
220 1595 271 1657 est
291 1588 437 1675 locuples
460 1594 495 1657 et
515 1610 585 1656 nou
605 1589 814 1677 spernendae

170 1697 293 1786 Regem
320 1696 437 1764 Iubam
468 1696 636 1783 scripsisse
661 1696 783 1765 scinms
808 1696 1002 1767 theatralem
1027 1699 1130 1767 bisto-

103 1807 194 1892 riam‚
217 1828 258 1871 ex
280 1827 346 1891 qua
361 1800 505 1891 plurima
522 1806 557 1871 iu
574 1826 672 1871 suum
689 1826 786 1872 usum
803 1804 1011 1873 adhibuerint
1027 1805 1132 1874 Athe·

103 1934 204 1979 neeus
221 1916 256 1977 et
271 1910 400 1979 Pollux.
432 1912 497 1977 iam
517 1934 591 1978 cum
608 1911 728 1978 Pollux
746 1913 845 1979 variis
861 1914 899 1979 in
915 1913 1021 2001 rebus,
1038 1936 1129 1999 prae

105 2020 216 2086 sertim
235 2042 318 2105 quae
337 2020 376 2085 de
393 2041 492 2085 nomo
512 2020 773 2086 citharoedorum
788 2025 822 2085 et
835 2021 1014 2086 aulolum
1028 2022 1129 2088 tradit

104 2126 153 2194 IV
175 2128 262 2210 565.
279 2129 321 2193 79
346 2128 527 2193 consentire
551 2128 700 2192 videatur
723 2150 796 2193 cum
815 2127 990 2195 Plutarcho
1014 2152 1038 2195 c.
1052 2130 1083 2194 4.
1099 2134 1130 2215 5,

108 2240 141 2301 et
163 2237 198 2300 in
220 2236 261 2300 iis
284 2257 367 2321 quae
390 2236 429 2300 de
452 2235 631 2300 harmoniis
650 2235 884 2321 antiquissimis
901 2239 921 2318 ξ
936 2238 979 2304 65
998 2236 1131 2302 exhibet

106 2342 275 2407 manifeste
319 2342 418 2408 faciat
459 2364 532 2409 cum
573 2341 745 2407 Heraclide
786 2339 887 2429 (apud
927 2343 1130 2409 Athenaeum

105 2448 185 2515 XIV
199 2448 381 2538 19):faci1e
401 2449 463 2515 tibi
482 2450 679 2534 persuaseris
695 2448 860 2514 Pollucem
880 2472 1009 2534 quoque
1026 2450 1131 2517 multa

104 2554 242 2621 Pontico
264 2556 461 2642 philosopho
486 2557 610 2642 debere,
633 2557 667 2621 id
691 2556 778 2642 quod
796 2556 910 2622 Rohde
931 2558 970 2623 de
988 2556 1131 2623 Pollucis

107 2658 253 2729 fontibus
263 2687 389 2730 summe
399 2687 477 2730 cura
486 2668 519 2729 et
529 2663 699 2751 diligentia
707 2664 941 2731 demonstravit
949 2688 980 2750 p.
990 2667 1130 2732 70-74.

108 2793 190 2857 quae
213 2772 397 2857 quicunque
419 2771 515 2860 legit,
543 2775 672 2837 tantum
696 2771 788 2837 abest
810 2775 849 2836 ut
871 2794 944 2837 cum
966 2773 1131 2840 Lobeckio

107 2884 141 2944 et
156 2879 363 2945 Volkmauno
382 2877 563 2944 Heraclidis
581 2900 771 2967 synagogen
788 2879 958 2965 vituperet,
976 2884 1015 2947 ut
1031 2883 1131 2967 scrip

106 3024 321 3034 ——n-

181 3115 195 3163 1
207 3108 359 3180 Westphal
367 3126 395 3180 p.
407 3114 449 3163 13.
461 3112 576 3164 ‹ss-7³.
591 3107 674 3178 Rosa,
688 3106 859 3164 Aristoteles
868 3109 1131 3182 pseudepigraphus

108 3199 135 3251 p.
155 3186 216 3238 blo.
252 3180 353 3236 Rohde
371 3179 408 3235 de
426 3178 551 3235 Pollucis
570 3179 698 3235 sontibus
738 3184 802 3235 .69.

180 3258 196 3306 2
219 3252 251 3307 In
274 3252 372 3307 Museo
390 3251 528 3307 Rhenano
547 3257 580 3307 41
601 3255 694 3335 (1886)
716 3198 809 3307 Hiller
832 3252 868 3308 de
886 3251 989 3309 Glauci
1005 3252 1128 3325 Rhegini

107 3323 277 3397 fragmentis
295 3342 322 3395 p,
337 3328 390 3379 898
410 3323 588 3378 demonstrat
605 3341 635 3378 1n
650 3322 725 3378 Plut.
739 3340 801 3395 cap.
816 3329 873 3380 ab
892 3323 1047 3380 desiderari
1065 3341 1130 3380 eum

129 3413 194 3451 uem
206 3394 357 3467 Westphel
375 3395 517 3450 invenerit
535 3395 663 3451 ordinem
682 3398 712 3451 et
730 3412 856 3467 pugnare
875 3396 950 3451 inter
962 3413 993 3452 se
1007 3396 1133 3453 ostendit

108 3414 182 3524 ilus.
202 3467 304 3527 tfiuit.
327 3467 466 3539 πρότερον
489 3471 582 3541 πολιῷ
606 3466 698 3541 χρόνῳ
720 3469 786 3522 ets
809 3468 884 3524 med.
902 3468 985 3543 turp
1003 3467 1130 3539 ὕστερον.

109 3542 146 3611 (p.
165 3542 237 3610 ser.)
