2466 3870
300 378 306 383 ’
431 363 805 483 emunim]
1057 412 1140 479 aar

116 570 341 656 exemplorum
367 596 399 659 p.
423 576 599 643 ees-271
628 580 663 643 et
688 576 883 665 neglegebaa
910 576 1046 642 verbum
1070 574 1141 642 ἐπι-

116 684 298 747 τείνουσιν.
338 682 482 749 maxima
502 683 606 771 igitur
627 682 692 748 fuit
715 682 889 749 difficultas
911 687 945 749 et
967 683 1140 749 dubitatio.

115 784 178 851 hac
215 809 268 853 me
303 788 526 855 liberavenmt
563 791 714 872 excerpta
744 788 814 874 illa,
850 810 933 875 quae
964 790 1072 856 inveni
1106 792 1141 857 in

115 892 226 961 codice
253 894 483 982 Neapolitano.
534 917 731 982 quamquam
763 916 848 961 nunc
878 916 946 960 nou
973 895 1066 962 illurn
1088 894 1140 965 111

115 998 180 1069 03
205 1002 288 1090 dico,
311 1004 368 1088 qui
387 1000 582 1068 Nicomachi
600 1002 746 1067 continet
762 1001 920 1087 manuale,
943 1002 998 1067 sed
1017 1000 1140 1091 Georgi

114 1106 229 1175 Valles
252 1110 396 1175 codicem
419 1107 470 1175 ΙΙΙ
490 1107 569 1197 02,
596 1110 632 1175 in
654 1130 719 1195 quo
742 1109 907 1175 doctrinae
928 1109 1005 1175 iliae
1025 1110 1139 1177 haunt

114 1215 290 1302 inscriptae
332 1220 546 1302 Πτολεμαίου
586 1216 746 1303 μουσικά,
787 1238 868 1302 quas
909 1217 1139 1302 imprimendas

113 1324 223 1389 curavi
252 1324 288 1389 in
314 1323 413 1389 huius
439 1323 518 1389 libri
545 1330 639 1409 parte
661 1322 716 1389 lx.
761 1345 837 1389 nam
864 1325 901 1391 in
927 1324 1013 1390 illius
1039 1324 1139 1391 fornu-

111 1428 199 1517 ginis
230 1429 304 1497 loco
336 1435 483 1497 extremo
513 1434 621 1496 exstat
652 1452 728 1515 pars
754 1430 871 1496 horum
899 1434 1135 1519 excerptorum,

112 1558 195 1621 quae
223 1536 307 1603 falso
330 1538 480 1603 feruntur
502 1558 573 1603 esse
594 1536 788 1603 Nicomachi
810 1537 969 1604 manualis
991 1538 1076 1603 liber
1093 1536 1136 1603 11.

111 1642 160 1709 ibi
181 1642 306 1733 legitur
327 1654 389 1712 τοῦ
412 1643 602 1731 ἀρχομένου
625 1645 690 1712 ἀπὸ
712 1644 907 1732 ποιουμένης
924 1645 1061 1713 ὑπατῶν
1079 1644 1136 1713 καὶ

112 1754 361 1837 matrimes
393 1755 441 1830 εἰς
472 1753 685 1839 παρυπάτην
715 1752 837 1839 μέσον.
890 1752 925 1819 in
957 1751 993 1817 Μ
1024 1758 1135 1818 autem

112 1858 214 1925 litura
244 1857 382 1925 iudicari
410 1860 540 1925 videtur
567 1859 646 1925 olim
673 1880 735 1925 nec
759 1860 887 1944 ὑπάτης
912 1860 1049 1926 ὑπατῶν
1074 1882 1135 1925 neo

111 1966 243 2051 ὑπάτην
265 1966 378 2053 μέσων
401 1967 501 2032 fuisse
524 1968 691 2053 scriptum.
729 1972 762 2032 et
785 1989 857 2033 cum
880 1991 900 2032 a
917 1972 1076 2053 parypate
1093 1968 1135 2033 ad

109 2079 291 2160 parypaten
309 2076 366 2161 qui
385 2075 502 2140 statuit
520 2074 764 2141 tetrachordum
783 2077 891 2140 omnia
909 2076 1031 2160 optime
1049 2076 1135 2141 inter

110 2204 145 2246 se
167 2183 277 2247 videet
301 2184 472 2269 quadrare,
501 2183 644 2249 dubitari
668 2183 799 2249 minime
822 2186 930 2267 potest
954 2183 1032 2267 quin
1056 2183 1134 2249 haec

109 2288 206 2355 lectio
234 2290 453 2377 Neapolitana
486 2291 645 2376 probetur
675 2296 709 2356 et
735 2291 771 2355 in
798 2295 922 2355 textum
949 2290 1131 2374 recipiatur.

176 2398 229 2461 Ad
254 2398 403 2482 orphices
427 2400 644 2484 mysticaeque
667 2402 776 2483 partes
795 2397 881 2462 haud
898 2398 964 2463 scio
983 2419 1024 2461 an
1044 2418 1133 2462 revo-

109 2525 176 2569 cem
201 2506 309 2588 capita
335 2509 349 2569 1
373 2510 406 2570 et
423 2507 459 2589 4,
488 2528 569 2590 quae
593 2505 848 2591 apudBoetium
870 2503 948 2570 120
971 2505 1006 2569 in
1029 2526 1130 2570 unum

108 2634 225 2697 corpus
258 2613 456 2678 coaluerunt.
506 2613 593 2698 quod
626 2614 666 2677 ab
695 2611 824 2698 Orpheo
856 2612 953 2697 primi
986 2611 1132 2677 fidicines

109 2718 305 2784 Graecorum
338 2725 440 2785 artem
473 2720 621 2786 didicisse
655 2721 819 2806 dicrmtur,
851 2719 944 2785 facile
976 2741 1014 2784 eo
1048 2720 1131 2785 hanc

104 2832 230 2911 partem
250 2826 396 2892 referas}
425 2829 459 2893 in
479 2849 546 2913 cap.
566 2832 673 2893 autem
689 2832 718 2911 5,
737 2832 769 2892 et
788 2829 827 2891 iis
850 2850 931 2912 quae
950 2833 1130 2913 sequuntur

108 2936 217 3021 egitur
241 2935 280 2999 de
299 2957 452 3000 sonorum
472 2957 606 3000 numero
626 2933 777 3020 XXVIII,
799 2956 893 3018 quem
912 2932 1129 2999 Nicomachus

106 3042 239 3107 adhibet
259 3045 293 3107 in
312 3044 455 3107 manueli
474 3068 497 3107 a.
517 3045 580 3129 fin,
600 3065 694 3127 quem
714 3048 751 3107 ut
769 3042 945 3126 perfectum
964 3042 1129 3125 praedicat

107 3150 139 3213 in
163 3151 292 3215 erIthm.
316 3149 333 3215 I
356 3154 396 3217 16
421 3156 453 3215 et
477 3152 575 3216 variis
597 3150 748 3215 laudibus
768 3150 859 3214 effert
877 3149 912 3213 in
929 3152 1021 3233 parte
1040 3149 1129 3215 theo-

104 3257 353 3345 logumerrorum
375 3259 415 3322 ab
435 3259 506 3342 ipso
526 3258 647 3344 scripte
664 3281 695 3342 p.
709 3255 870 3322 45—4942
901 3257 956 3341 qui
974 3279 1128 3323 numerus

104 3387 177 3429 cum
201 3366 275 3430 inde
299 3390 318 3430 a
342 3388 409 3450 cap.
429 3369 450 3431 4
474 3389 601 3451 semper
621 3370 818 3431 memoretur
836 3387 936 3449 usque
955 3364 996 3429 ad
1015 3386 1082 3449 cap.
1097 3366 1128 3451 9,

175 3603 188 3649 1
210 3596 248 3650 Ut
261 3597 297 3650 de
311 3596 433 3651 Mercuri
446 3596 509 3665 lyra
524 3596 636 3651 diversa
650 3595 793 3650 traderent
806 3598 938 3666 excerpta
952 3599 982 3652 et
995 3595 1121 3666 Boetius,

101 3667 167 3723 inde
186 3667 247 3722 fieri
266 3669 368 3738 potuit,
388 3669 464 3737 quod
483 3668 530 3723 hic
549 3672 694 3738 excerptor
709 3685 726 3721 a
740 3667 838 3721 fabula
851 3667 955 3736 hymno
972 3668 1120 3723 Homerico

102 3739 221 3812 vulgata
240 3740 375 3794 recedere
395 3739 497 3795 noluit.

170 3818 186 3865 2
202 3811 243 3866 De
258 3812 367 3866 numeri
382 3818 416 3866 28
438 3814 575 3868 otestetc
590 3811 624 3867 cf.
640 3811 727 3866 etiam
742 3810 895 3866 Aristidem
908 3811 947 3867 III
960 3817 993 3866 18
1020 3836 1040 3867 ·
1057 3817 1108 3867 16
