2466 3870
1088 145 1172 153 ——--.

523 304 651 396 (79-98)
669 287 848 383 οὶοιιίθιιεοε.
880 334 886 372 ³
1130 323 1192 378 LIX

171 471 1229 575 ·mmmmmmmmmmffim

172 571 285 658 2946).
326 570 418 659 (Ptol.
438 581 616 658 hypotheses
639 585 671 638 et
689 581 749 638 alia
768 574 988 661 astronomica.)
1026 580 1090 652 AQ.
1108 581 1186 639 hunc

171 666 302 726 excusus
310 667 491 747 Langbaine.
518 668 595 728 (lore
607 667 621 724 Ι
634 687 663 742 p.
674 670 738 727 670
748 669 780 725 et
789 659 839 747 (de
849 666 962 726 advers.
973 662 1100 749 Langb.)
1112 671 1185 730 878.

240 771 294 833 Ox.
312 775 346 833 B.
366 776 446 834 misc.
463 777 513 834 86.
537 774 582 831 ch.
599 772 650 830 fol.
674 771 703 831 S.
718 771 788 830 XVI
805 763 892 853 (olim
912 771 1006 830 Sacili
1024 777 1056 831 et
1075 768 1185 856 2947).
1199 770 1226 834 (⁸

172 862 275 922 edem
293 882 385 922 manu
403 881 437 921 ac
453 853 526 941 (84)
541 860 575 918 B.
589 881 628 918 m.
643 861 684 921 85
704 861 841 937 scriptus.
868 862 946 936 Arx,
961 860 1047 934 Ptol,
1061 860 1185 936 Nicom,

175 947 282 1026 Gaud,
305 950 446 1027 Alypius,
471 949 554 1024 Bry.,
578 949 705 1009 Heronis
728 951 924 1024 pneumatica.
959 942 1009 1030 (cf.
1029 941 1096 1030 86.)

239 1038 1226 1126 mammmmsmpmmmmo

171 1135 260 1194 minis
283 1134 370 1193 modo
394 1135 541 1193 nominati
564 1135 714 1211 exemplar
737 1135 872 1192 alterum.
914 1133 990 1193 Ooxe
1010 1136 1113 1194 1671.
1141 1135 1185 1193 ait

175 1227 272 1282 autem
287 1222 395 1282 Wallis
409 1223 439 1281 in
455 1222 618 1283 Ptolemaei
634 1223 831 1299 praefatione:
846 1223 899 1281 hos
914 1214 981 1303 (85.
996 1225 1036 1283 86
1050 1249 1091 1271 =
1103 1224 1183 1283 misc.

174 1312 285 1386 8687,
304 1329 379 1387 quos
398 1315 487 1371 antea
505 1315 677 1371 numeratos
696 1311 769 1370 dicit
788 1313 849 1370 164
865 1314 896 1370 et
910 1311 982 1384 165,
1001 1311 1064 1386 ipse
1082 1316 1184 1370 autem

174 1399 273 1477 signat
294 1401 321 1459 A
344 1403 376 1458 et
392 1395 432 1481 B)
457 1400 588 1459 Savilius
611 1401 697 1459 credo
721 1404 790 1457 ante
814 1418 907 1458 annos
930 1399 997 1475 plus
1020 1399 1117 1457 minus
1141 1401 1183 1460 60

173 1487 233 1547 sire
260 1507 296 1547 ex
318 1488 422 1547 eodem
445 1489 545 1547 codice
569 1487 716 1547 Vaticano
741 1480 852 1568 (aliove
876 1488 906 1545 in
929 1480 1034 1569 Italia)
1058 1488 1183 1548 describi

174 1580 328 1636 curaverat
360 1568 474 1649 ambos,
510 1577 571 1634 sive
607 1577 686 1653 quod
716 1595 770 1654 ego
801 1577 901 1651 potius
930 1575 1079 1651 existimo,
1115 1577 1182 1635 inde

173 1664 301 1725 codicem
314 1665 340 1722 B
355 1667 444 1740 atque
459 1683 495 1722 ex
508 1663 564 1723 hoc
583 1665 710 1723 alterum
724 1667 760 1723 A.
775 1664 852 1723 alter
865 1664 970 1722 horum
983 1667 1030 1722 est
1042 1665 1183 1724 Meibomi
1220 1657 1224 1682 ²

174 1754 316 1812 recentior
342 1753 537 1826 Bodleianus,
566 1772 654 1827 quem
681 1772 700 1811 a
723 1752 836 1812 Savilio
864 1753 967 1811 datum
992 1771 1054 1811 esse
1077 1753 1182 1813 biblio·

173 1841 272 1900 thecae
296 1841 370 1899 dicit
390 1833 443 1922 (ad
466 1843 537 1900 Arx.
556 1844 587 1900 et
606 1835 723 1921 (laud).
762 1839 940 1900 Oxonienses
964 1844 1064 1899 autem
1087 1842 1181 1900 multo

173 1931 305 1989 meliores
320 1947 381 1990 esse
396 1930 551 2005 praedicat
563 1931 662 1989 codice
678 1931 868 2007 Scaligerano
883 1921 1012 2010 (Nicom.
1027 1923 1181 2010 prooem),

174 2019 249 2094 quod
275 2018 385 2095 probat
412 2019 589 2078 lectionibus
617 2019 728 2097 μορίων
753 2022 859 2092 273,9
884 2023 914 2077 et
936 2018 1048 2096 palpes
1065 2015 1119 2096 μὲν
1144 2037 1181 2093 ιγ,

172 2106 256 2165 terrie
278 2103 310 2166 δὲ
333 2115 433 2184 πρῶτα
457 2107 486 2166 ιδ
509 2118 553 2165 aa.
599 2108 671 2165 mihi
696 2109 813 2183 quidem
837 2107 957 2184 marius
980 2109 1181 2182 praestantiae
1219 2125 1221 2130 ·

173 2198 376 2273 argumentum
406 2195 437 2253 id
467 2195 598 2269 videtur,
629 2197 708 2271 quod
739 2214 875 2271 perversa
904 2195 958 2253 illa
984 2196 1020 2253 de
1048 2196 1181 2254 diazeuxi

172 2281 303 2342 doctrina
328 2285 400 2357 259,
417 2296 449 2344 to
473 2303 491 2342 a
514 2284 679 2343 Bodleiano
704 2286 795 2343 abest.

236 2379 289 2441 Ox.
312 2382 346 2439 B.
370 2382 450 2441 miso.
472 2384 513 2443 88
537 2374 625 2463 (olim
650 2377 760 2463 2950).
783 2384 827 2441 ch.
851 2383 902 2441 fol.
926 2381 955 2440 S.
971 2382 1049 2441 XVI.
1073 2382 1181 2458 Porph.
1202 2385 1228 2450 (8

171 2465 345 2618 001337}
368 2558 449 2616 misc.
470 2560 543 2617 225.
581 2560 625 2617 ch.
649 2559 700 2617 fol.
733 2559 762 2616 S.
781 2558 850 2616 XIV
878 2559 916 2616 in.
963 2559 1084 2634 Porph,
1109 2558 1180 2632 AQ,
1195 2562 1233 2626 (8.

170 2645 327 2706 Pediasimi
354 2647 519 2724 geometria
545 2639 685 2729 (fortasse
710 2648 811 2705 insunt
838 2665 913 2722 quae
937 2646 1031 2704 edidit
1054 2646 1182 2705 Vincent

169 2734 282 2809 Notioes
306 2737 370 2796 290
396 2734 537 2815 Φθόγγος
562 2732 615 2812 μέν
638 2732 705 2795 ἐστι.
751 2735 801 2794 Cn.
828 2739 899 2796 779.

232 2832 268 2891 In
300 2832 368 2891 aliis
391 2832 578 2892 bibliothecis
602 2831 733 2892 Oxoniac
758 2837 888 2891 exstant:

235 2927 481 2989 01.Baliolensis
501 2930 673 2990 continebat
687 2930 837 3005 Alypium,
857 2929 984 2988 excussit
998 2929 1179 3007 Langbaine.
1195 2934 1233 2998 (8·

235 3024 288 3085 01.
324 3025 524 3085 Johanucnsis
561 3019 709 3108 (collegii)
747 3028 880 3084 continet
911 3026 1128 3101 Ptolemaeum,
1162 3022 1203 3086 a(

171 3113 306 3174 Wallisio
334 3115 472 3193 signatur
494 3115 522 3174 J.
568 3120 633 3173 erat
655 3116 726 3173 olim
750 3115 834 3173 Laud
857 3116 1078 3192 archiepiscopi,
1102 3117 1178 3175 unde

169 3203 379 3279 transscriptus
403 3204 466 3263 cod.
491 3195 595 3284 G(ale)
619 3203 813 3262 Londinensis
837 3196 918 3284 (47).

170 3386 191 3445 S
209 3299 288 3447 ΜΟι.
306 3300 430 3360 Patricii
448 3300 532 3359 Junii
551 3301 634 3359 dedit
653 3300 852 3360 Gaudentium
867 3300 1033 3377 hleibomio,
1052 3305 1180 3363 excussit
1193 3298 1233 3363 (9

192 3409 207 3446 c
240 3408 319 3449 enus.

199 3544 204 3552 ,
235 3484 287 3546 Ox.
312 3486 549 3565 Magdalenensis
577 3487 695 3564 collegii
722 3487 805 3545 dedit
827 3487 984 3546 hleibomio
1008 3489 1178 3565 Aristidem,
1193 3485 1233 3549 (9

168 3576 378 3652 transscriptus
402 3579 447 3635 est
470 3595 541 3635 cura
565 3576 691 3634 Seldeni.

202 3723 217 3736 ..
235 3671 287 3733 0¹.
310 3673 409 3753 Magd.
436 3674 520 3732 dedit
543 3674 679 3732 Wallisio
709 3674 905 3750 Porphyrium
933 3678 963 3732 et
985 3675 1176 3750 Bryennium.
1190 3670 1233 3734 (9
