2466 3870
1059 160 1064 163 -
1077 152 1232 169 ῃ

415 268 419 273 ’
521 319 651 391 (ππ-υ)
668 315 859 387 raanan.
889 354 892 359 .
1118 316 1199 384 nvn

178 495 236 552 hoc
257 490 325 565 ipso
339 486 458 560 codice,
472 485 534 561 'qui
557 484 629 544 olim
651 483 759 543 inisset
776 483 1013 561 Famesinorum,
1036 487 1197 563 eodemque
1224 503 1232 546 1

180 578 257 639 lihro
284 574 421 634 homines
441 574 582 634 inductos
605 592 681 650 esse,
709 577 744 632 ut
765 571 943 647 Dionysium
966 574 1043 634 falso
1066 576 1200 636 dicerent
1216 579 1232 644 (¹

181 669 360 742 hymnorum
383 683 447 724 esse
470 668 600 739 poetam,
628 664 789 723 Bacchium
817 664 917 719 autem
945 666 1096 723 auctorem
1125 667 1199 725 artis

182 773 258 832 quaa
284 754 409 814 incohat
433 752 475 812 Τ·
505 761 634 834 μουσικῇ
658 750 758 836 τέχνῃ,
785 754 921 827 apertum
944 748 1005 808 iam
1028 770 1090 811 esse
1113 774 1198 831 spero

184 849 215 904 et
235 844 429 903 manifestum
448 776 490 922 ἅ).
507 833 685 921 454-56).
731 841 881 915 depictum
904 838 983 898 enim
1005 839 1096 899 habes
1119 845 1200 919 apud

184 934 425 1001 Bellermannum
439 929 549 1004 Hymn.
566 928 625 985 tab.
641 928 670 984 11
685 929 807 986 titulum
816 929 968 988 donodono
983 929 1034 1004 qui
1053 928 1141 988 finem
1155 934 1199 992 fa·

185 1024 262 1082 ciens
270 1020 317 1094 iis,
332 1037 409 1094 quae
424 1017 459 1074 de
474 1034 616 1074 sonorum
629 1016 795 1074 rationibus
809 1016 959 1092 docentur,
975 1017 1011 1075 ab
1026 1019 1144 1094 hymnis
1155 1024 1200 1079 est

185 1109 304 1169 alienus.
346 1108 615 1180 Anonymorum
639 1104 789 1163 doctrinas
808 1123 866 1162 non
890 1105 1042 1165 universas
1060 1108 1108 1167 hic
1132 1129 1200 1167 con·

122 1252 128 1261 ,
186 1198 266 1256 tinet
313 1194 430 1254 omittit
452 1191 472 1270 ξ
492 1195 645 1254 85-104
675 1196 706 1251 et
733 1192 888 1252 substituit
914 1211 961 1251 res
984 1194 1094 1253 nullius
1118 1198 1200 1256 ulili-

186 1285 263 1344 tatis.
311 1303 407 1360 neque
436 1283 516 1341 enim
538 1282 641 1360 magni
670 1281 893 1341 aestimabimus
915 1281 1101 1359 diagramma
1124 1285 1200 1345 illud

187 1372 386 1433 &hermanni
418 1369 515 1446 583,
542 1389 597 1430 nec
624 1389 699 1446 opus
726 1371 785 1429 fuit
811 1375 942 1446 repetere
971 1369 1004 1450 (ξ
1024 1365 1081 1452 84)
1109 1377 1201 1449 caput

188 1461 260 1521 illud
286 1465 466 1532 extremum,
494 1460 575 1536 quod
602 1458 787 1534 Nicephorns
815 1460 853 1518 ad
881 1460 1076 1535 supplendum
1100 1462 1200 1521 Ptole·

187 1569 301 1611 maeum
320 1548 505 1622 conscripsit
540 1548 654 1607 socium
671 1547 813 1607 habemus
832 1547 918 1606 huius
936 1547 965 1605 N
983 1549 1045 1607 cod.
1061 1549 1131 1608 Urb.
1150 1555 1198 1611 Π.

249 1638 285 1698 In
306 1636 471 1698 Aristide
495 1635 547 1712 qui
565 1634 664 1712 prima
682 1635 901 1714 diagrammata
918 1641 1080 1713 comparat
1103 1641 1200 1714 primo

188 1729 311 1788 forsitan
338 1726 447 1787 obtutu
470 1725 549 1783 hunc
572 1723 704 1783 vindicet
725 1724 857 1784 familiae
880 1724 920 1799 U,
947 1725 1018 1800 quia
1040 1727 1160 1787 exhibet
1181 1753 1200 1788 α

188 1821 216 1876 ct
236 1835 352 1876 crucem
375 1815 460 1873 illam
483 1814 515 1872 in
539 1813 611 1872 Van.
636 1813 784 1889 omissam,
810 1812 924 1873 omittit
946 1817 1045 1872 autem
1068 1817 1093 1874 B
1121 1819 1201 1892 quod

188 1905 307 1982 {nubet
329 1903 402 1962 Vera
449 1903 618 1963 accuratius
645 1905 745 1961 tamen
769 1903 819 1979 qui
843 1900 1064 1978 examinaverit,
1088 1905 1202 1964 videbit

188 1995 262 2053 huno
279 1992 459 2053 concordare
478 2009 545 2050 cum
563 1990 633 2049 Vat
651 1994 714 2051 192
733 1984 779 2071 (et
792 1983 889 2071 illut),
907 1991 937 2049 in
957 2010 1015 2066 quo
1030 1993 1133 2052 eadem
1147 1995 1201 2053 illa

188 2083 232 2141 vel
246 2082 355 2141 desunt
367 2081 416 2140 vel
430 2079 547 2138 adsunt
579 2084 609 2138 et
628 2100 642 2137 e
664 2099 714 2138 ser
728 2078 788 2138 illis
802 2080 964 2147 harmoniis
978 2079 1021 2140 Ι9
1038 2082 1200 2142 clarissime

188 2171 280 2231 elucet
302 2188 392 2248 agere
415 2188 482 2228 eum
505 2187 572 2226 cum
591 2167 659 2226 Vnt
689 2174 720 2227 et
745 2171 823 2227 stare
847 2186 866 2225 a
888 2168 959 2226 Ven.
983 2170 1084 2244 potius
1111 2191 1201 2248 quam

188 2259 223 2319 ab
253 2259 288 2318 U.
344 2257 436 2317 habet
467 2257 546 2316 enim
579 2258 697 2335 signum
729 2258 827 2317 mirol.
863 2249 897 2315 2¹³
928 2258 959 2315 in
992 2257 1018 2316 U
1051 2259 1201 2337 omissum,

189 2348 275 2408 habet
302 2353 337 2415 <
359 2347 418 2406 ion
444 2338 493 2421 dl,
521 2346 653 2405 concinit
684 2366 750 2406 oum
778 2345 850 2406 Ven.
875 2347 1010 2406 omnibus
1041 2348 1072 2405 in
1105 2350 1201 2425 rebus,

189 2437 292 2514 quihus
309 2435 379 2495 Vat
399 2435 538 2510 concinit
562 2438 593 2493 et
615 2435 706 2494 habet
728 2436 785 2494 ion.
808 2430 842 2494 2¹¹
861 2448 893 2501 ’1.
936 2436 1023 2494 huius
1044 2436 1202 2513 igiturest

188 2526 278 2586 frater
309 2525 357 2583 vel
391 2543 406 2582 e
434 2524 527 2582 fratre
555 2523 641 2581 filius.
695 2524 768 2599 lydii
797 2525 887 2582 etiam
915 2526 978 2582 toni
1006 2525 1200 2602 diagramma,

189 2615 264 2692 quod
291 2612 488 2690 prodiderunt
514 2612 705 2671 Bellermann
735 2612 896 2671 Yoalcitern
923 2617 961 2672 77
990 2605 1036 2694 (et
1062 2613 1141 2673 Jahn
1169 2617 1200 2674 in

188 2703 244 2762 nh
262 2703 287 2778 Ι,
305 2701 409 2761 Amsel
427 2692 512 2782 tuh),
531 2700 601 2760 huic
620 2719 688 2760 cum
707 2699 774 2759 Vat
796 2704 858 2762 192
878 2719 1030 2760 commune
1054 2706 1105 2762 est.
1147 2725 1201 2764 nec

188 2793 296 2852 erravit
312 2793 348 2849 A.
364 2789 454 2864 Jahn,
472 2809 538 2849 cum
557 2810 585 2866 p.
600 2789 695 2848 XLIX
714 2790 953 2867 investigandum
977 2791 1053 2849 dixit
1071 2792 1200 2852 codicem

189 2880 308 2954 Galilei3
327 2898 382 2957 ogo
402 2879 557 2937 inventum
576 2883 650 2954 puto
670 2883 701 2937 et
718 2880 956 2955 comparandum.
994 2880 1103 2938 bonum
1122 2882 1200 2941 huno

188 2969 349 3045 praedicas
371 2967 463 3025 ctiam
494 2967 685 3025 Bellcrmann
710 2968 727 3024 l.
751 2968 769 3023 l.
803 2988 830 3043 p.
858 2972 905 3025 77.
940 3001 981 3009 -
1019 2967 1147 3044 (tyrillus
1171 2971 1200 3027 Π

190 3060 258 3117 347.
309 3056 500 3114 Bellermaun
532 3058 628 3114 Anon.
666 3061 697 3129 1,
738 3056 849 3131 Hymni
886 3077 912 3132 p.
940 3061 971 3130 9,
1009 3077 1075 3115 cum
1108 3060 1200 3134 speci-

188 3147 263 3205 mine
291 3145 456 3220 scripturae
484 3145 515 3202 in
544 3144 603 3202 tab.
624 3145 652 3201 ΙΙ
681 3148 712 3202 et
738 3145 790 3202 111.
847 3146 1015 3220 comparavi
1039 3147 1199 3205 Bacchium

188 3235 313 3311 Neapoli
339 3235 433 3294 1891,

198 3373 201 3377 .
250 3324 345 3398 Neap.
364 3321 410 3380 111
429 3320 452 3380 O
472 3323 491 3381 5
515 3314 603 3403 (olim
628 3316 720 3404 263),
748 3322 839 3380 chart
869 3315 910 3382 8⁰.
940 3322 967 3380 S.
983 3323 1059 3381 XVI.
1097 3326 1199 3382 insunt
1211 3329 1232 3394 (t

188 3412 277 3487 Ptol,
300 3411 424 3487 Porph,
447 3410 524 3486 AQ„
548 3412 657 3485 Anon,
682 3410 834 3469 Bacchius.

251 3501 309 3560 Hic
340 3500 419 3558 male
447 3502 478 3558 et
505 3500 568 3558 sine
596 3501 676 3558 omni
705 3500 862 3577 diligentia
889 3501 1015 3575 scriptus
1042 3501 1072 3558 in
1101 3501 1199 3560 Ptole-

188 3609 271 3650 maeo
293 3590 413 3666 aliquot
435 3589 509 3648 locis
532 3589 664 3648 concinit
687 3608 752 3647 cum
777 3589 893 3647 Wallisi
914 3587 994 3648 GJO.
1019 3589 1048 3646 in
1068 3591 1198 3649 Aristide

187 3683 234 3741 at
254 3699 270 3739 ο
291 3677 410 3739 familia
428 3676 502 3736 Ven.
522 3677 565 3735 VI
586 3689 619 3738 10
642 3681 674 3736 et
696 3678 798 3736 multis
821 3678 852 3735 in
875 3678 960 3737 rebus
979 3679 1198 3738 accuratissime
