2466 3870
131 344 134 349 ’
505 370 734 447 amarem.
854 440 890 459 -
993 368 1132 437 aaa

102 556 250 623 quaeras,
272 534 383 621 plures
406 537 487 605 olim
510 537 614 606 libros
632 538 672 604 de
689 538 741 604 his
757 536 854 605 rebus
871 539 1010 625 scriptos
1028 534 1130 603 fuisse

103 643 200 710 facile
226 644 393 712 concedes.
444 644 485 711 de
506 644 673 731 Bryennio
699 644 795 711 nobis
820 644 917 712 modo
940 646 1004 711 erit
1026 644 1132 711 dicen·

103 750 195 837 dum3
221 771 311 817 nunc
337 756 420 839 puto
448 752 529 817 haec
551 750 712 837 sufficere,
740 754 777 815 ut
798 750 893 836 plura
915 752 954 817 de
976 752 1038 819 hac
1059 756 1131 819 arte

102 855 342 925 Nicomachum
365 858 535 943 scripsisse
557 856 821 923 demonstremus.

170 965 261 1032 Idem
279 969 389 1032 cutem
408 964 564 1051 colligere
581 963 702 1031 licebat
719 963 771 1029 vel
788 986 827 1029 ex
841 965 882 1030 iis
895 966 1033 1053 paginis,
1047 985 1130 1050 quae

103 1074 139 1140 in
156 1072 223 1141 BU
241 1077 275 1139 et
288 1071 525 1138 recentioribus
539 1072 706 1139 codicibus
719 1076 847 1139 exstant
860 1071 1016 1158 inscripta
1030 1076 1131 1139 Νικο

104 1182 215 1267 μάχου
234 1179 441 1265 ἐγχειριδίου
459 1182 596 1265 βιβλίον
615 1186 645 1264 β,
663 1178 714 1244 rel
731 1188 792 1246 τοῦ
810 1180 915 1247 αὐτοῦ
932 1180 1129 1265 Νικομάχου

102 1284 155 1375 (M
177 1291 211 1352 et
233 1287 269 1351 in
292 1308 318 1352 c.
337 1288 360 1355 3
378 1285 435 1375 U),
458 1286 579 1352 absunt
602 1290 712 1351 tamen
732 1307 752 1352 a
769 1283 927 1352 Vaticano
946 1284 985 1352 R.
1021 1286 1130 1352 iubis

103 1394 190 1459 enim
218 1394 350 1482 paginis
377 1394 466 1480 quod
493 1391 634 1482 legimus
656 1390 846 1479 Νικόμαχος
870 1410 954 1479 φησι
976 1391 1019 1482 (e
1036 1391 1073 1481 3)
1096 1397 1131 1460 et

104 1501 264 1585 repetitur
290 1522 387 1586 saepe
415 1501 467 1567 dcc
490 1500 542 1567 vel
565 1500 631 1566 alia
652 1501 808 1567 orationis
830 1500 981 1587 obliquae
1004 1500 1130 1585 indicia,

103 1612 239 1694 apparet
266 1630 307 1675 ex
334 1608 447 1694 aliquo
469 1606 569 1674 huius
591 1608 654 1673 viri
675 1607 761 1673 libro
783 1628 851 1673 esse
873 1612 1032 1694 excerpta.
1077 1608 1131 1673 ad·

103 1716 192 1801 spice
219 1736 337 1781 sonum
364 1716 427 1781 dici
450 1716 594 1801 primum
616 1714 804 1781 hamoniee
824 1715 1018 1783 elementum
1041 1716 1076 1781 in
1099 1718 1129 1801 6,

103 1821 245 1888 Philolai
273 1822 313 1888 de
339 1822 488 1888 limmate
515 1821 697 1888 doctrinm
724 1824 841 1907 exponi
872 1825 907 1888 in
934 1824 968 1909 2,
998 1822 1061 1888 alia
1090 1822 1130 1887 de

104 1950 315 1994 numerorum
330 1933 503 2015 potestate,
516 1929 678 2013 imprimis
696 1928 735 1994 de
753 1934 891 2014 tetraety
908 1929 1000 1997 illati
1015 1932 1035 1996 8
1050 1931 1070 1996 9
1088 1932 1129 1996 12

106 2037 259 2101 omnibus
282 2035 363 2102 locis
383 2038 511 2122 exponi
534 2058 644 2102 mesen
662 2037 802 2103 medium
820 2038 1003 2122 systematis
1021 2036 1128 2102 locum

105 2166 179 2209 vere
207 2166 366 2230 occupare
396 2144 459 2209 dici
483 2145 518 2208 in
541 2146 561 2209 5
586 2142 686 2231 (sicut
708 2145 742 2209 in
764 2167 846 2210 man.
873 2143 942 2232 11),
969 2150 1129 2210 astrorum

105 2251 308 2317 harmoniam
337 2252 493 2336 explicari
521 2252 557 2316 in
579 2253 614 2317 3:
642 2251 720 2317 haec
747 2254 854 2317 omnis
877 2253 917 2317 ad
938 2251 1129 2318 Nicomachi

106 2358 310 2443 disciplinam
338 2362 487 2445 proxime
516 2360 665 2426 accedere
692 2359 786 2425 facile
812 2360 971 2425 concedes.
1024 2382 1062 2425 ae
1087 2382 1129 2426 ne

106 2488 218 2531 eorum
242 2468 382 2553 quidem,
407 2490 490 2553 quae
513 2473 693 2553 mystarum
716 2472 749 2532 et
767 2465 979 2552 Orphicorum
998 2469 1130 2552 propria

107 2573 266 2661 videntur,
289 2576 395 2639 multa
418 2581 495 2640 sunt
519 2597 602 2661 quae
626 2575 820 2640 abhorreant
842 2575 882 2639 ab
906 2575 974 2639 eius
999 2575 1128 2662 ingenio

106 2683 162 2767 qui
186 2682 441 2769 theologumena
464 2681 670 2747 arithmetica
691 2682 827 2768 scripsit,
850 2682 958 2768 qualia
979 2682 1129 2747 novimus

106 2811 123 2854 e
149 2789 248 2854 Photi
282 2790 484 2855 bibliotheca
516 2794 549 2854 et
581 2791 740 2874 excerptis
772 2812 852 2875 quae
878 2788 991 2854 Aetius
1020 2789 1128 2855 edidit.

106 2898 187 2982 quin
205 2897 245 2961 ad
269 2903 368 2982 caput
385 2900 416 2983 4,
437 2897 524 2983 quod
543 2902 592 2962 cst
611 2898 649 2962 de
668 2897 857 2962 chordarum
875 2918 1009 2962 numero
1024 2901 1128 2982 aucto,

106 3026 179 3069 eum
209 3004 376 3069 referenda
404 3007 470 3070 sint
496 3027 578 3090 quse
602 3004 736 3070 Boetius
759 3006 850 3070 decet
872 3003 950 3069 120
973 3008 1005 3068 et
1029 3026 1046 3070 e
1068 3003 1129 3071 Ni·

106 3112 260 3177 comacho
285 3135 318 3176 se
342 3114 495 3197 petivisse
517 3110 717 3198 confitetur¹,
740 3112 908 3177 manifesto
928 3112 1016 3177 rides
1034 3113 1127 3198 plura

105 3343 159 3397 bus
177 3343 190 3396 Ι
205 3350 230 3397 3.
250 3344 282 3396 at
301 3359 316 3397 e
335 3343 396 3396 131
418 3341 513 3397 elucet
530 3343 585 3397 hoc
641 3342 781 3397 tissimum
800 3342 912 3396 ductum
932 3358 992 3397 csse
1011 3359 1026 3397 e
1043 3341 1125 3397 Nico·

106 3414 201 3469 machi
220 3414 360 3469 doctrina.
400 3415 474 3469 adde
494 3414 571 3485 qnod
624 3414 717 3470 atonis
736 3414 876 3469 sententia
893 3414 1043 3486 corrigitur
1061 3430 1126 3469 auc-

104 3488 167 3542 tore
194 3485 369 3542 Nicomacho
400 3486 411 3540 Ι
434 3492 477 3542 31.
521 3503 577 3541 uno
605 3487 668 3542 loco
692 3487 769 3542 1118
780 3504 800 3541 s.
841 3485 929 3540 aliam
957 3486 1126 3541 sententiam

105 3557 268 3626 (Eubulidis
287 3560 317 3613 et
335 3557 470 3629 Hippasi)
488 3561 601 3628 praeter
619 3557 838 3614 Nicomacheam
854 3557 936 3612 nobis
954 3557 1051 3613 tradit.

179 3635 193 3683 l
205 3630 317 3684 Nonam
329 3630 466 3684 chordam
476 3629 555 3700 lyrae
565 3630 711 3684 addidisse
722 3629 758 3684 ab
767 3633 884 3698 utroque
896 3628 999 3683 dicitur
1007 3628 1126 3684 Pierites

106 3700 232 3771 quidam,
248 3703 389 3756 decimam
404 3702 551 3757 Histiaeus
566 3701 763 3772 Colophonius,
778 3701 954 3756 undecimam
963 3700 1127 3757 Timotheus

105 3773 242 3828 Milesius.
281 3773 402 3828 Pierites
427 3774 476 3828 ille
500 3790 591 3828 nouae
610 3773 731 3829 chordae
750 3776 830 3844 pater
848 3773 877 3827 in
895 3772 1062 3829 Nicomachi
1079 3790 1126 3829 ex·
