2466 3870
424 321 468 380 De‘
484 284 556 380 ustis
574 342 634 381 usu.
667 325 857 398 (de-re‘pubI
870 326 936 381 VIII
951 329 988 398 7.)
1119 403 1121 406 ἢ
1157 329 1208 393 ·35

198 487 253 550 διὰ
271 489 307 550 τί
317 491 407 550 αίτια
421 497 538 568 ταῦτα;
557 487 649 555 ἑπτὰ
663 487 724 575 μὲν
739 475 922 575 φωνήεντα,
942 489 1021 556 ἑπτὰ
1040 486 1078 554 δὲ
1091 473 1217 574 χορδαί

198 590 217 672 ἡ
244 590 402 677 άρμονία,
430 592 509 660 ἑπτὰ
534 593 573 661 δὲ
595 599 632 660 αί
653 598 818 678 πλειάδες,
847 597 883 661 ἐν
906 597 986 662 ἑπτὰ
1009 595 1046 662 δὲ
1070 597 1207 672 ὀδόντας

198 696 310 777 βάλλει
334 702 407 766 ἔνιά
430 727 477 786 γε,
500 705 572 767 ἔνια
596 702 624 765 δ’
654 703 707 766 οὔ·
732 701 811 765 ἑπτὰ
835 699 872 767 δὲ
896 706 931 767 οί
952 702 1004 768 ἐπὶ
1030 705 1155 787 Θηβας;

262 803 342 872 XIII
362 812 391 894 6,
406 811 435 874 6.
459 831 489 892 p.
506 804 634 871 10931’2.
670 805 832 891 (Λέγουσι
856 806 895 869 δέ
916 831 1003 883 τινες
1027 809 1078 873 ὅτι
1101 810 1205 874 πολλὰ
1230 835 1233 869 I

171 922 348 996 ετοιαῦτα,
381 907 535 996 οἷον...)
581 910 635 975 καὶ
664 912 714 975 ὅτι
743 918 818 977 ἴσον
845 914 880 978 τὸ
909 912 1071 996 διάστημα
1104 917 1140 978 ἔν
1172 939 1206 980 τε

197 1031 264 1095 τοῖς
292 1019 480 1103 γράμμασιν
509 1019 573 1082 άπὸ
599 1027 659 1082 τοῦ
684 1025 715 1081 A
738 1019 820 1102 πρὸς
847 1019 883 1082 τὸ
910 1022 944 1081 Ω
971 1017 1026 1083 καί
1054 1018 1118 1083 άπὸ
1145 1030 1205 1084 τοῦ

197 1127 361 1208 βόμβυκος
389 1121 442 1187 ἐπὶ
471 1125 531 1205 τὴν
560 1122 722 1206 ὀξυτάτην
751 1126 868 1207 νεάτην
896 1124 932 1188 ἐν
960 1126 1088 1207 αὐλοῖς,
1123 1120 1160 1207 ἧς
1187 1124 1205 1188 ὀ

197 1231 338 1313 ἀριθμὸς
363 1235 433 1305 ἴσος
457 1238 495 1312 τῇ
519 1231 713 1315 οὐλομελείᾳ
737 1239 798 1294 τοῦ
823 1230 979 1312 οὐρανοῦ.

349 1493 431 1582 (25.)
465 1494 549 1578 Περὶ
573 1497 612 1558 τά
636 1499 699 1582 ζῷα
725 1497 860 1578 ἱστορία.
893 1494 1053 1579 V110‚4.

159 1682 183 1720 ιο
259 1677 289 1738 p.
309 1651 427 1721 565⁸²².
480 1655 525 1718 Τὰ
552 1650 613 1737 μὲν
641 1655 760 1719 σκόλια
784 1652 839 1718 καὶ
862 1656 899 1718 αί
920 1657 1050 1736 βατίδες
1074 1661 1203 1739 ἴσχουσι

194 1762 232 1824 τὰ
264 1756 471 1843 ὀστρακώδη,
500 1759 537 1824 ἐν
569 1751 618 1835 οἷς
646 1760 809 1843 ἐγγίνεται
839 1759 953 1848 βώδης
981 1762 1134 1844 ὑγρότης·
1166 1762 1202 1826 τὸ

194 1863 230 1931 δὲ
268 1876 374 1950 σχῆμα
411 1876 470 1932 τοῦ
507 1865 671 1949 ὀστράκου
709 1867 825 1951 ὅμοιον
863 1879 934 1943 ταῖς
969 1879 1037 1933 τῶν
1074 1869 1202 1933 αὐλῶν

195 1974 389 2052 γλώτταις.

262 2240 277 2287 2
298 2235 314 2303 η
334 2235 454 2304 ἁρμονία
474 2236 533 2289 cod.
554 2235 616 2291 Par.
637 2241 714 2303 1853,
736 2234 750 2302 ἢ
772 2235 902 2305 άρμονιαι
922 2236 973 2296 Bk.
991 2253 1054 2289 cum
1075 2234 1123 2290 rel.

192 2465 385 2535 diatessaron).
418 2466 568 2536 respondet
586 2469 632 2519 Ar.
652 2466 745 2535 plures
766 2482 826 2520 esse
844 2466 873 2518 in
892 2466 998 2520 musica
1018 2464 1199 2534 symphonias

192 2541 265 2604 (octo
284 2538 400 2591 admisit
413 2537 594 2591 Aristoxenus
612 2537 691 2591 elem.
708 2538 777 2604 146,
796 2556 822 2606 p.
838 2542 871 2589 64
886 2537 941 2605 Mq.
957 2536 1105 2590 Cleouides
1125 2552 1147 2590 ο.
1164 2540 1197 2604 8).

192 2608 362 2676 syllabarum
393 2625 539 2662 numerum
570 2608 599 2661 in
627 2625 708 2662 versu
737 2608 821 2662 heroo
851 2611 983 2676 (novenas
1013 2609 1143 2660 numerat
1169 2606 1198 2659 in

191 2678 289 2749 prime,
308 2683 423 2733 οολοοοε
438 2679 467 2732 in
481 2679 634 2747 posteriore
650 2683 741 2747 parte)
761 2681 848 2749 negat
866 2680 910 2731 Ar.
926 2678 1081 2747 quidquam
1096 2678 1198 2746 valere,

191 2766 240 2803 nec
259 2749 322 2820 plus
342 2749 442 2803 tribuit
456 2766 571 2803 numero
586 2750 637 2802 VII
655 2750 704 2817 qui
719 2752 762 2804 est
776 2749 915 2804 vocalium
930 2750 966 2803 ab
983 2757 1002 2803 A
1017 2750 1054 2803 ud
1071 2752 1098 2802 u
1112 2748 1197 2802 idem·

191 2837 243 2889 que
262 2837 322 2875 esse
342 2820 445 2874 dicitur
462 2821 491 2873 in
511 2820 585 2873 sonis
606 2820 701 2875 tibiae.

261 2897 276 2943 ‘1
295 2891 463 2945 vocabulum
483 2890 587 2962 βόμβοξ
607 2908 705 2944 sonum
725 2907 838 2958 gravem
858 2890 991 2957 imitatur,
1011 2891 1045 2944 cs.
1068 2892 1112 2945 Ar.
1132 2890 1196 2944 hist.

191 2979 233 3016 au.
253 2962 290 3016 IV
305 2968 359 3029 9‚2
385 2963 418 3015 τὰ
437 2962 487 3031 μὲν
506 2965 563 3031 (sc.
585 2961 687 3030 ἔντομα
707 2966 782 3033 ζῷα)
805 2963 906 3033 βομβεῖ
924 2959 984 3014 οἷον
1008 2960 1130 3030 μέλιτται
1149 2961 1197 3014 καλ

191 3032 223 3086 τὰ
242 3034 334 3101 πτηνὰ
353 3035 445 3086 αὐτῶν

260 3109 275 3158 8
296 3106 456 3178 οὐλομελείᾳ
478 3113 525 3157 τοῦ
547 3104 676 3171 οὐρανοῦ.
710 3103 774 3157 vide
795 3103 900 3157 Nicom.
920 3103 1007 3156 harm.
1024 3108 1048 3170 3,
1069 3120 1124 3156 exc.
1141 3110 1164 3156 3.
