2466 3870
287 244 305 257 ”
400 240 403 245 ’
530 284 533 289 ·
603 288 793 358 neumae.
1023 256 1027 261 ’
1154 286 1198 353 53

189 446 333 513 tuentem
352 449 461 536 itaque
474 473 627 519 sonorum
640 456 789 517 naturam
804 452 966 517 verissime
979 450 1198 536 explicantem.

189 553 240 617 sin
262 558 371 620 autern
393 560 532 643 quaeris,
557 558 642 623 unde
664 556 863 647 Porphyrius
885 557 972 623 hunc
992 558 1099 623 locum
1120 555 1200 641 peti-

189 660 285 745 verit,
317 662 409 728 doleo
438 661 525 747 quod
557 662 684 726 disertis
715 661 769 724 ille
801 661 907 724 verbis
933 683 999 726 non
1021 662 1117 747 dicat,
1144 658 1200 727 aed

189 770 387 855 argumentis
405 773 439 833 at
457 767 717 832 conclusionibus
734 767 784 831 nti
800 788 861 831 nos
875 771 978 853 cogat.
1000 766 1097 831 habet
1115 769 1200 832 enim

190 872 268 939 haec
294 897 325 958 p.
344 877 409 939 213
440 877 516 957 post
548 873 676 936 initium
709 873 824 956 capitis
849 871 912 957 111,
944 876 981 936 ut
1008 893 1141 936 acumen
1167 876 1200 938 et

190 981 382 1067 gravitatem
396 1000 548 1043 sonorum
566 979 723 1042 contineri
738 980 918 1063 quantitate
937 978 1060 1043 doceat:
1079 976 1200 1063 γράφει

190 1083 228 1151 δὲ
253 1083 309 1150 καὶ
327 1083 561 1170 Ἡρακλείόης1
589 1083 664 1170 περὶ
692 1085 820 1150 τούτων
846 1084 883 1149 ἐν
909 1094 949 1171 τῇ
970 1093 1112 1169 μουσικῇ
1135 1086 1165 1149 ελ
1186 1123 1199 1133 -

191 1200 304 1275 αγωγῇ
322 1200 433 1255 ταῦτα.
461 1193 678 1274 Πυθαγόρας,
692 1190 736 1266 ὥς
749 1207 832 1273 φησι
842 1187 1057 1275 Ξενοκράτης,
1071 1189 1201 1274 εὕρισκε

190 1294 245 1362 καὶ
269 1298 310 1361 τὰ
332 1296 370 1361 ἐν
392 1304 535 1380 μουσικῇ
557 1296 760 1379 διαστήματα
783 1295 824 1360 οὐ
846 1292 947 1379 χωρὶς
969 1293 1116 1379 ἀριθμοῦ
1139 1296 1199 1377 τὴν

191 1401 322 1485 γένεσιν
345 1405 470 1487 ἔχοντα.
507 1397 576 1465 ἐστὶ
596 1401 659 1485 γὰρ
680 1402 851 1485 σύγκρισις
869 1402 951 1485 πρὸς
968 1403 1081 1465 ποσόν.
1108 1399 1199 1465 ἐσκο-

190 1521 282 1575 πεῖτο
304 1512 439 1590 τοίνυν,
461 1511 552 1583 τίνος
574 1510 817 1590 συμβαίνοντος
838 1505 879 1571 τό
900 1529 936 1571 τε
961 1506 1126 1590 σύμφωνα
1152 1510 1200 1588 ρι’-

192 1639 304 1699 γνεται
323 1614 527 1697 διαστήματα
543 1611 599 1677 καὶ
614 1614 654 1677 τό
668 1613 830 1697 διάφωνα,
846 1610 901 1677 καὶ
915 1624 982 1676 πᾶν
995 1610 1201 1696 ἡρμοσμένον

192 1720 246 1787 καὶ
279 1719 499 1804 ἀνάρμοστον.
549 1715 604 1783 καὶ
637 1718 790 1783 ἀνελθὼν
822 1716 875 1782 ἐπὶ
901 1719 962 1801 τὴν
989 1716 1118 1799 γένεσιν
1144 1726 1201 1801 τῆς

192 1836 305 1911 φωνῆς
340 1829 417 1910 ἔφη·
453 1823 531 1890 ὡσεὶ
570 1824 681 1909 μέλλει
717 1848 748 1888 τι
786 1823 822 1888 ἐκ
853 1833 909 1907 τῆς
942 1826 1088 1906 ἰσότητος
1120 1824 1201 1908 σύμ-

193 1956 309 2015 φωνον
332 1930 619 2013 ἀκουσθήσεσθαι,
642 1934 773 2012 κίνησιν
796 1930 849 1994 θεῖ
870 1927 931 2015 (sic
948 1927 993 2016 V)
1016 1954 1089 1995 τινα
1112 1929 1200 2012 γενέ-

193 2046 284 2121 σθαι,
310 2038 331 2120 ἡ
360 2034 396 2102 δὲ
424 2041 553 2119 κίνησις
581 2037 642 2101 οὐκ
665 2038 746 2101 ἄνευ
773 2035 920 2120 ἀριθμοῦ
948 2040 1088 2118 γίνεται,
1119 2036 1137 2101 ὁ
1165 2033 1201 2100 δὲ

193 2143 336 2228 ἀριθμὸς
358 2143 419 2208 οὐκ
442 2143 524 2207 ἄνευ
547 2144 735 2224 ποσότητος.
772 2144 931 2224 κινήσεως
953 2141 991 2207 δέ
1008 2160 1110 2226 φησιν
1129 2142 1199 2225 εἴδη

194 2250 270 2331 δύο,
297 2254 364 2313 κτλ.
408 2246 462 2311 hic
490 2248 579 2312 vides
606 2247 791 2332 loquentem
820 2247 928 2311 induci
950 2247 1201 2333 Heraclidem,

194 2357 282 2420 cuius
305 2352 410 2418 valeat
433 2375 534 2438 usque
557 2355 740 2438 auctoritaS,
765 2354 839 2417 dum
857 2377 887 2437 p.
903 2356 966 2420 216
990 2354 1085 2418 simili
1106 2354 1200 2418 modo

193 2462 273 2527 alius
310 2458 481 2523 inducatur
516 2464 630 2525 auctor
661 2460 826 2544 Aelianus,
859 2460 948 2524 cuius
979 2459 1061 2524 liber
1093 2459 1199 2523 eadem

193 2568 358 2655 diligentia
391 2568 522 2652 citetur,
559 2589 622 2651 qua
659 2567 720 2630 hoc
751 2566 822 2630 loco
855 2565 1033 2630 Heraclidis
1065 2567 1200 2653 isagoge.

193 2674 392 2740 Heraclidem
411 2677 519 2738 autem
537 2672 709 2737 Ponticum
729 2672 907 2756 complures
926 2672 964 2737 de
982 2673 1101 2736 musica
1119 2694 1202 2737 com-

191 2783 333 2866 posuisse
351 2782 453 2847 libros
472 2781 651 2864 accepimus
669 2802 726 2863 per
740 2779 940 2843 Athenaeum
954 2778 984 2843 X
999 2780 1049 2863 82,
1064 2777 1141 2843 XIV
1152 2781 1201 2864 lt),

193 2892 227 2951 ut
253 2888 350 2953 huius
377 2891 452 2952 ante
481 2909 590 2951 omnes
617 2886 712 2950 nobis
735 2887 842 2949 veniat
869 2887 902 2949 in
925 2890 1072 2950 mentem.
1116 2890 1202 2969 post·

193 3017 286 3079 quam
315 2994 368 3058 hic
396 2994 552 3059 narravit:
586 2997 792 3078 Πυθαγόρας
824 2992 969 3078 εὕρισκε,
1001 2991 1040 3055 ad
1068 2991 1200 3055 eundem

191 3099 409 3187 Pythagoram
433 3099 535 3164 refero
556 3098 725 3164 ἐσκοπεῖτο
746 3104 778 3162 ct
796 3099 948 3164 ἀνελθὼν
967 3101 1038 3181 ἔφη.
1076 3099 1201 3182 quaesi

191 3206 273 3270 forte
300 3206 519 3292 Pythagoram
549 3206 764 3270 considerasse
792 3209 823 3268 et
851 3204 966 3269 dixisse
994 3226 1101 3292 neges,
1129 3226 1201 3268 cum

191 3311 369 3377 Xenocrate
388 3334 506 3397 quaeso
526 3334 593 3398 age,
613 3313 669 3396 qui
689 3312 802 3375 harum
823 3332 927 3374 rerum
947 3315 1058 3375 auctor
1076 3312 1200 3375 citatur.

192 3442 270 3503 quae
298 3422 410 3504 postca
437 3423 628 3503 sequuntur,
651 3439 744 3482 nemo
770 3420 850 3500 puto
873 3416 913 3480 ad
937 3415 1076 3481 Samium
1100 3416 1201 3500 philo-

263 3656 276 3702 l
296 3646 345 3701 καλ
362 3649 427 3717 port
441 3645 501 3716 Ἤρ.
521 3664 574 3702 orn.
594 3647 663 3700 Ven.
684 3646 777 3699 t'l1o.
