2466 3870
505 1133 867 1229 Ἀριστοτέλους

573 1327 612 1390 Δ.
637 1325 683 1390 Do
706 1342 792 1391 vooe.

453 1484 513 1572 (1.)
547 1483 651 1569 Περὶ
680 1494 812 1569 ψυχῆς
839 1484 914 1549 118.

239 1650 270 1712 p.
279 1624 390 1693 419‘2‘.
406 1631 485 1693 Νῦν
504 1623 541 1692 δὲ
559 1637 692 1711 πρῶτον
710 1625 785 1712 περὶ
805 1629 918 1710 ψόφου
935 1625 991 1692 καὶ
1005 1626 1106 1713 ἀκοῆς
1120 1629 1189 1695 όιο-

156 1737 330 1818 ιρίσωμεν.
360 1736 429 1799 ἔστι
453 1730 490 1799 δὲ
513 1733 622 1808 διττὸς
644 1732 663 1798 6
682 1735 822 1817 ψόφος·
842 1732 859 1798 6
878 1729 1020 1818 μὲνγὰρ
1040 1733 1189 1820 ἐνέργειά

178 1839 260 1922 τις,ὁ
275 1837 314 1906 δὲ
328 1841 479 1925 δύναμις.
500 1841 540 1905 τὰ
553 1836 614 1924 μὲν
627 1840 691 1924 γὰρ
707 1839 748 1904 οὔ
759 1862 867 1923 φαμεν
881 1841 968 1923 ἔχειν
977 1843 1102 1924 ψόφον,
1112 1834 1187 1907 οἷον

178 1949 336 2029 σπόγγον,
360 1949 447 2031 ἔρια,
473 1984 511 1993 -
532 1948 572 2011 τὰ
599 1948 634 2010 6³
662 1949 764 2030 ἔχειν,
792 1936 864 2012 οἷον
892 1947 1014 2029 χαλκὸν
1041 1945 1097 2012 καὶ
1125 1949 1186 2014 ὅσα

177 2055 288 2137 στερεὰ
311 2051 367 2118 καὶ
390 2059 473 2136 λεῖα,
496 2053 546 2118 ὅτι
569 2054 710 2118 δύναται
734 2062 894 2136 ψοφῆσαι,
917 2062 1016 2118 τοῦτο
1040 2051 1069 2117 δ’
1095 2051 1186 2119 ἐστὶν

177 2159 277 2224 αὐτοῦ
295 2157 417 2244 μεταξὺ
436 2157 491 2224 καὶ
509 2169 566 2242 τῆς
584 2159 685 2242 ἀκοῆς
704 2159 878 2244 ἐμποιῆσαι
896 2161 1010 2243 ψόφον
1030 2157 1186 2245 ἐνεργείᾳ.

143 2289 165 2329 ιο
176 2269 298 2347 γίνεται
327 2263 356 2330 δ’
384 2265 403 2331 6
430 2263 499 2330 κατ’
532 2263 701 2350 ἐνέργειαν
729 2268 839 2348 ψόφος
861 2264 914 2329 ἀεί
934 2289 1025 2341 τινος
1048 2267 1131 2349 πρός
1154 2290 1184 2329 τι
1204 2283 1217 2330 ‘2

176 2370 227 2435 καὶ
255 2374 292 2436 ἔν
319 2393 401 2437 τινι·
434 2373 561 2456 πληγὴ
589 2372 652 2456 γάρ
683 2372 774 2438 ἐστιν
802 2371 821 2454 ἡ
848 2382 999 2437 ποιοῦσα.
1049 2371 1103 2436 διὸ
1130 2370 1186 2436 καὶ

175 2476 341 2544 ἀδύνατον
369 2477 443 2555 ἑνὸς
470 2481 566 2555 ὄντος
593 2477 751 2561 γενέσθαι
774 2481 898 2562 ψόφον·
924 2477 1039 2563 ἕτερον
1061 2479 1125 2562 γὰρ
1149 2479 1185 2542 τὸ

174 2585 296 2648 τύπτον
323 2583 378 2650 καὶ
407 2586 444 2651 τὸ
472 2588 691 2668 τυπτόμενον,
720 2584 803 2649 ὥστε
831 2585 866 2649 τὸ
890 2594 1026 2668 ψοφοῦν
1047 2587 1131 2670 πρός
1154 2609 1185 2649 τι

174 2700 283 2773 ψοφεῖ.
328 2691 436 2774 πληγὴ
465 2688 494 2755 δ’
523 2690 563 2755 οὐ
592 2694 718 2773 γίνεται
747 2692 828 2755 ἄνευ
851 2703 966 2774 φορᾶς.
1012 2690 1122 2776 ὥσπερ
1151 2690 1179 2756 ό

138 2823 160 2862 ιι
175 2802 318 2881 εἴπομεν,
336 2797 377 2862 οὐ
395 2807 464 2862 τῶν
482 2799 651 2881 τυχόντων
670 2797 778 2879 πληγὴ
800 2796 817 2861 6
836 2799 956 2880 ψόφος·
975 2795 1102 2861 οὐθένα
1121 2798 1184 2882 γὰρ

173 2916 261 2968 ποιεῖ
290 2906 405 2987 ψόφον
439 2906 526 2989 ἔρια,
557 2901 600 2967 όιν
630 2908 754 2987 πληγῇ,
788 2903 869 2967 ἀλλὰ
896 2903 1014 2986 χαλκὸς
1040 2901 1095 2967 καὶ
1124 2904 1184 2968 ὅσα

173 3014 241 3073 λεῖα
277 3008 334 3074 καὶ
371 3015 475 3075 κοῖλα.
535 3009 553 3074 6
589 3006 650 3093 μὲν
687 3009 806 3094 χαλκὸς
842 3008 892 3072 ότι
928 3013 1030 3090 λεῖος,
1070 3011 1110 3074 τὰ
1147 3007 1183 3074 66

172 3122 265 3181 κοῖλα
297 3126 336 3200 τῇ
370 3115 547 3181 ἀνακλάσει
579 3118 703 3192 πολλὰς
735 3127 824 3181 ποιεῖ
853 3115 979 3197 πληγὰς
1010 3116 1091 3199 μετὰ
1123 3117 1182 3199 τὴν

171 3220 302 3306 πρώτην
335 3221 583 3298 ἀδυνατοῦντος
615 3221 764 3299 ἐξελθεῖν
796 3231 855 3288 τοῦ
881 3220 1087 3305 κινηθέντος.
1134 3225 1182 3288 ἔτι

134 3327 322 3394 ιοόκοόεται
355 3328 393 3393 ἐν
425 3327 497 3412 ἀέρι
529 3326 584 3393 καὶ
617 3328 729 3410 ὕδατι,
763 3325 836 3393 ἀλλ’
865 3322 972 3410 ἧττον.
1023 3328 1084 3393 οὐκ
1112 3331 1181 3394 ἔστι

170 3432 204 3499 δὲ
241 3438 355 3519 ψόφου
392 3436 508 3520 κύριος
543 3433 561 3499 6
593 3434 656 3519 ἀὴρ
690 3434 769 3500 οὐδὲ
801 3436 837 3500 τὸ
870 3435 977 3520 ὕδωρ,
1013 3434 1097 3500 ἀλλὰ
1129 3438 1183 3501 δεῖ
1198 3454 1214 3501 3

170 3552 311 3625 στερεῶν
337 3543 468 3626 πληγὴν
495 3540 652 3625 γενέσθαι
680 3544 762 3628 πρὸς
791 3543 915 3624 ἄλληλα
937 3540 992 3606 καὶ
1016 3544 1098 3627 πρὸς
1121 3545 1179 3609 τὸν

168 3646 257 3734 ἀέρα.
302 3658 401 3714 τοῦτο
424 3645 462 3714 δὲ
485 3653 626 3733 γίνεται,
649 3649 729 3713 όταν
751 3647 898 3735 ὑπομένῃ
922 3647 1056 3732 πληγεὶς
1079 3648 1096 3714 6
1116 3649 1178 3733 ἀὴρ

929 3753 962 3805 1-
