2466 3870
470 325 737 414 iss-sopato.
754 288 792 387 ’-,
809 325 898 417 aaa·
1036 325 1041 331 ·
1125 321 1200 377 xsv

249 489 399 549 Notarum
422 491 643 571 diagrammata
665 497 697 550 61
720 493 940 550 harmoniarum
964 493 1059 552 scalas
1082 509 1118 549 ex
1136 484 1228 558 Ao(

186 577 351 655 publicavit
377 579 481 640 Buelle
511 583 583 641 608.
635 579 717 637 unde'
741 582 868 653 apparet
897 599 955 637 non
983 599 1050 639 cum
1078 579 1118 654 V,
1148 578 1199 636 sed

186 685 252 726 oum
274 665 302 726 U
325 669 402 729 hanc
425 670 625 728 recensionem
648 667 813 725 cohaerere.
855 667 1076 726 harmoniarum
1100 671 1199 726 autem

186 755 289 814 tabula
311 777 346 816 ex
365 757 418 827 AQ
439 758 491 814 19
517 775 544 830 p.
561 757 602 812 22
626 755 672 812 ita
692 758 739 813 est
756 754 947 829 disponenda,
972 758 1037 812 ute
1060 758 1099 813 24
1120 757 1199 816 sonis

186 844 284 921 doriis,
307 864 382 922 quos
404 845 484 902 linea
509 845 527 900 2
552 843 784 919 comprehendit,
809 845 827 902 9
852 844 1026 902 revocentur
1049 843 1087 901 ad
1106 844 1197 902 harm.

188 934 259 1009 dor,
286 934 355 992 dein
380 934 398 989 6
423 924 529 1010 (supra
552 926 669 1011 omissi)
693 933 732 991 ad
755 932 879 1007 lydiam,
908 934 927 991 9
952 932 991 989 06
1013 931 1136 991 doriam.
1182 953 1197 988 e

187 1022 312 1098 phrygia
335 1021 490 1079 harmonia
514 1024 533 1080 7
558 1021 646 1096 primi
665 1021 732 1079 soni
751 1012 796 1098 (in
816 1037 877 1094 sup.
898 1021 977 1078 linea
996 1021 1099 1096 scripti
1119 1020 1197 1094 apud

189 1105 226 1188 U)
248 1109 414 1185 perierunt,
445 1112 621 1168 manserunt
647 1109 790 1183 postremi
820 1109 891 1179 hu3
923 1125 973 1166 sex
1005 1109 1091 1186 signa
1123 1126 1198 1184 quse

188 1199 349 1272 sequnntur
367 1201 436 1256 sunt
454 1200 547 1257 harm.
563 1197 687 1270 ionicae,
706 1198 841 1272 sequitur
853 1196 976 1254 inferior
989 1197 1061 1256 ordo
1077 1190 1198 1276 (enisis)

189 1285 379 1363 phrygiorum
402 1280 435 1367 (7
460 1279 561 1364 signa)
585 1288 617 1344 et
636 1288 654 1343 2
674 1288 763 1345 00166
781 1285 895 1344 ionicae
915 1286 936 1337 Γ
941 1295 983 1342 <.
1021 1285 1052 1343 in
1072 1287 1099 1343 4.
1120 1284 1199 1343 lines

75 1366 81 1377 ’
189 1374 275 1433 habes
291 1375 409 1450 reliqua
425 1375 525 1433 ionica
543 1365 685 1454 (quorum
702 1377 720 1432 2
739 1375 899 1449 perienmt,
917 1375 1024 1432 ultima
1038 1381 1096 1436 (Πε
1112 1372 1198 1430 facile

192 1467 390 1540 agnoscuntur
411 1467 442 1521 et
460 1463 654 1521 inveniuntur
672 1464 702 1522 in
721 1463 795 1522 Bell.
815 1463 874 1521 tab.
895 1455 929 1540 5)
949 1465 1017 1521 615
1037 1462 1199 1536 mixolydio

191 1543 221 1631 (a
242 1555 262 1611 4
286 1551 326 1610 ad
349 1543 392 1631 8).
439 1551 591 1610 aberravit
616 1555 718 1626 autem
746 1552 884 1610 librarius
907 1569 925 1610 a
947 1552 1008 1625 ρπζ
1032 1550 1070 1608 66
1088 1549 1199 1609 similes

191 1643 273 1700 notas
296 1657 372 1715 qnae
395 1642 619 1715 praecesserant
641 1656 712 1715 (πε,
735 1640 875 1716 repetivit
897 1656 912 1700 ε
935 1642 967 1698 61
988 1657 1089 1698 omnes
1112 1642 1199 1697 notas

192 1728 365 1805 mixolydius
388 1720 424 1809 (8
448 1729 487 1786 ad
509 1721 579 1809 πῖ),
606 1729 653 1788 his
679 1730 816 1787 adiunxit
838 1731 856 1788 6
880 1730 966 1807 signa
988 1727 1199 1803 syntonolydia

205 1817 317 1893 0111,
348 1818 380 1874 in
416 1817 523 1876 ultima
550 1818 631 1876 linea
658 1818 749 1877 habet
777 1821 794 1876 6
819 1821 905 1876 notas
932 1819 1000 1875 min
1024 1821 1055 1874 et
1079 1818 1097 1875 5
1122 1820 1197 1891 synt.

192 1809 237 1986 101.
265 1810 322 1987 Ui:
358 1906 402 1963 ita
438 1907 538 1965 omnia
570 1927 605 1964 ex
638 1906 665 1964 U
698 1907 769 1966 orisi
802 1907 886 1965 facile
916 1909 1085 1982 potuerunt.
1140 1905 1198 1962 Bu·

193 1994 244 2053 elle
268 1996 340 2053 566.
366 1996 438 2053 606.

255 2082 450 2142 Mediolani
473 2084 504 2142 in
527 2084 709 2143 bibliotheca
732 2084 927 2143 Ambrosiana
949 2087 1117 2142 servantur:
1226 2083 1233 2095 ⁴

253 2171 371 2231 Mediol.
395 2172 495 2231 Ambr.
520 2172 545 2229 B
572 2175 610 2230 19
636 2174 690 2231 ord
713 2173 764 2231 inf.
789 2173 880 2231 chart
903 2172 953 2231 fol.
974 2171 1002 2230 S.
1020 2169 1199 2244 xv-xvl,

195 2261 241 2336 qni
268 2261 402 2320 continet
428 2261 581 2339 eleganter
607 2262 734 2337 scriptos
760 2261 876 2320 libellos
898 2261 974 2336 ΑΟ,
1002 2261 1085 2333 Ars,
1113 2258 1199 2332 Ptol,

193 2348 294 2424 Porph.
318 2368 422 2409 comm.
445 2351 478 2407 in
499 2350 574 2409 duos
596 2350 689 2408 libros
712 2351 804 2423 Ptol,
828 2351 930 2426 Alypi,
954 2349 1062 2423 (laud,
1085 2349 1197 2407 Nioom.

193 2437 263 2497 dnos
284 2438 329 2511 11,
356 2438 426 2513 Bry.
476 2439 537 2497 alia
564 2458 670 2497 manns
698 2440 833 2496 adiunxit
859 2439 878 2496 s.
899 2441 960 2498 253
985 2438 1146 2496 Bacchium
1170 2441 1200 2494 et

194 2527 211 2583 1.
235 2529 296 2584 254
324 2527 502 2601 Dionysium
534 2528 585 2602 qui
614 2528 691 2586 falso
719 2527 864 2586 Bacchius
892 2527 1012 2600 dicitm,
1039 2525 1142 2584 eadem
1170 2530 1200 2583 61

195 2615 317 2674 correxit
339 2615 483 2673 nonnulla
505 2615 537 2673 in
559 2615 740 2675 Ptolemaeo.

256 2702 343 2762 Hunc
374 2721 429 2781 ogo
461 2721 539 2762 anno
570 2706 653 2764 1889
683 2705 715 2762 in
743 2704 862 2761 Italiam
894 2704 1042 2781 ingressus
1071 2705 1198 2779 primum

193 2791 312 2867 inspexi,
334 2795 365 2850 61
388 2791 467 2867 qnod
486 2812 501 2850 6
520 2811 642 2851 numero
662 2792 805 2850 librorum
824 2793 1087 2851 Nicomacheorum
1105 2793 1199 2867 suspi-

194 2881 252 2939 cari
274 2881 357 2954 licet,
384 2880 415 2939 id
437 2881 534 2957 magis
556 2882 710 2958 magisque
734 2881 808 2938 mihi
831 2881 966 2956 probavi,
993 2885 1091 2939 ortum
1113 2881 1198 2938 illuni

194 2987 252 3028 6666
288 2988 323 3027 ex
355 2969 453 3028 oodioo
486 2969 671 3028 Bessarionis
704 2970 739 3028 U.
795 2969 863 3027 libri
900 2970 1062 3029 Ptolemaei
1095 2969 1197 3027 iisdem

195 3057 293 3135 liguris
320 3060 351 3117 61
373 3058 531 3118 schematis
554 3059 653 3119 ornati
676 3063 746 3118 sunt
769 3061 858 3134 atque
882 3058 1019 3117 Venetus.
1066 3059 1096 3115 in
1120 3056 1198 3117 Gau·

195 3145 291 3206 dontio
313 3145 405 3205 habet
426 3136 465 3206 αὖ
483 3145 515 3207 τὸ
540 3149 671 3222 328,19,
695 3145 768 3226 μέρη
791 3139 858 3225 (pro
882 3140 967 3227 μέλη)
992 3149 1122 3221 329,15,
1145 3144 1198 3224 μὲν

195 3233 231 3312 ot
250 3237 322 3308 331,
335 3246 379 3310 24,
402 3234 493 3313 λίμμα
512 3238 585 3310 342,
600 3249 673 3309 666,
693 3235 779 3296 aoso!
796 3236 868 3310 345,
883 3247 908 3309 4,
927 3229 1053 3314 μεγάλου
1073 3237 1198 3310 351,16,

195 3321 295 3383 derivo
318 3324 396 3398 352,
410 3335 440 3398 3,
463 3319 585 3385 ὑπάτων
609 3327 737 3400 332,14
760 3322 826 3406 (sod
853 3321 973 3384 ὑπατῶν
1000 3336 1030 3383 11
1059 3328 1090 3383 et
1112 3343 1198 3399 saepe

196 3404 291 3494 61166),
314 3413 414 3472 omnia
435 3416 471 3471 ut
492 3414 523 3472 in
542 3413 577 3472 U.
613 3413 666 3472 ubi
690 3434 759 3474 vero
782 3413 908 3473 correxit
925 3413 962 3487 U,
985 3414 1078 3472 hioh
1101 3417 1199 3472 servat

195 3503 324 3560 vetustas
346 3501 488 3561 lectiones
510 3502 591 3581 τρίτη
616 3505 690 3579 333,
704 3515 738 3563 22
762 3507 793 3562 61
814 3507 847 3567 :l
868 3503 940 3576 352,
955 3514 988 3562 22
1013 3503 1198 3578 ostenditque

196 3587 373 3649 Bononiensi
394 3607 425 3648 66
448 3608 510 3650 osse
532 3593 683 3651 maiorem.

260 3677 295 3736 In
316 3678 496 3740 Nicomacho
523 3681 614 3741 habos
637 3683 760 3742 titulum
784 3684 1011 3764 Πυθαγορικοῦ,
1038 3679 1199 3762 ἁρμονικῆς
