2466 3870
102 123 193 179 xvm
216 117 221 122 ·
392 80 436 180 ne
452 123 595 178 codicibus
613 91 824 191 manierias.

67 308 90 349 [¹.
104 293 212 350 codicis
240 295 394 350 vexatores
421 310 486 349 cum
514 307 567 346 nec
593 286 688 344 cultro
711 288 922 363 temperarent,
950 309 1003 348 nec
1025 290 1112 364 aquis

67 381 88 447 l)
108 381 245 438 causticis
286 370 497 449 abstinerent²,
537 376 669 431 veterum
709 390 903 447 verarumque
943 378 1111 435 litterarum

104 471 220 542 partem
244 467 323 524 hand
346 464 482 539 exiguam
501 459 698 534 perdiderunt.
736 464 903 517 atramenta
922 468 1021 522 autem
1040 467 1112 540 quia

103 555 205 612 multis
229 555 300 611 locis
324 549 537 623 expalluerunt,
560 546 627 604 aliis
646 547 717 605 locis
736 547 832 604 infuso
852 549 976 606 fortasse
997 553 1110 625 liquore

103 644 150 699 vel
170 643 251 697 laesa
270 637 455 694 membranae
475 634 625 709 superficie
644 636 675 692 in
693 636 808 694 fuscum
826 635 954 693 colorem
973 641 1004 694 et
1017 657 1109 711 paene

103 729 220 802 nigrum
249 724 399 797 abiemnt,
427 724 596 784 ecolomm
618 724 785 783 discrimine
809 725 881 783 certi
905 725 1019 800 aliquid
1042 744 1110 783 raro

103 805 246 886 elicitur²,
268 812 385 871 facilius
408 816 511 872 contra
538 815 756 873 demonstratur
774 814 903 872 eiusdem
922 815 1029 874 coloris
1048 834 1110 873 cor·

102 902 246 959 rectiones
279 902 426 976 profectas
457 922 518 961 esse
542 903 579 961 ab
608 903 775 961 hominibus
805 895 955 962 diversis.³
1004 904 1110 961 melius

103 991 197 1066 igitur
228 1011 289 1049 rem
320 991 450 1067 expediri
476 993 628 1067 putaveris
655 1012 669 1049 e
699 1010 838 1048 manuum
866 993 1050 1067 proprietate
1079 996 1110 1049 et

103 1078 247 1138 scribendi
280 1100 394 1156 genere.
444 1079 500 1138 hoc
532 1083 632 1136 tamen
660 1080 711 1154 qni
739 1080 879 1153 suscepit,
911 1081 937 1137 is
964 1100 979 1137 e
1009 1080 1110 1156 Scylla

102 1168 238 1226 incidisse
266 1186 296 1225 se
323 1167 405 1226 videt
431 1168 462 1225 in
484 1167 662 1241 charybdim.
707 1166 964 1241 deprehenduntur
991 1169 1110 1242 quidem

103 1257 220 1332 aliquot
246 1256 319 1315 locis
341 1256 413 1314 certi
437 1255 587 1314 cuiusdam
610 1255 723 1312 librarii
746 1256 880 1332 vestigia.
927 1275 996 1314 nam
1019 1257 1109 1315 inter-

103 1345 173 1402 dum
200 1343 370 1403 acutissimo
400 1344 468 1402 stilo
496 1346 598 1401 tenues
625 1343 771 1417 quaedam
798 1344 947 1403 litterulae
975 1345 1051 1403 belle
1080 1347 1112 1402 et

103 1432 196 1489 nitide
219 1433 316 1507 pictae
340 1432 477 1490 videntur
499 1423 549 1512 (ut
572 1428 678 1508 ἐφεξῆς
703 1433 836 1506 151,1c.
864 1434 987 1508 157,1a
1012 1436 1043 1490 et
1065 1433 1109 1491 ds-

102 1519 224 1591 πλάσιος
254 1523 328 1595 164,
348 1526 374 1594 9,
407 1520 497 1578 etiam
527 1517 724 1599 τριημιτόνιον
754 1521 828 1594 187,
848 1513 887 1599 8).
939 1520 1006 1577 aliis
1036 1520 1110 1579 locis

103 1607 221 1666 litterae
249 1611 395 1684 apparent
421 1608 562 1684 ampliore
590 1608 660 1666 stilo
687 1607 850 1680 confectae,
878 1608 981 1665 eadem
1009 1613 1111 1671 autem

104 1696 253 1773 elegantia
274 1698 380 1771 pictae,
404 1714 462 1770 qua
485 1695 619 1770 princeps
642 1694 779 1752 librarius
797 1713 867 1752 usus
885 1701 959 1771 erat,
977 1700 1012 1754 ut
1029 1697 1113 1760 haud

105 1785 166 1843 sine
200 1785 332 1842 sollertia
363 1783 445 1841 illius
476 1784 585 1841 formas
613 1783 649 1840 ab
676 1783 731 1841 hoc
761 1803 911 1858 expressas
938 1803 1000 1843 esse
1029 1786 1114 1848 dicas

176 2064 188 2109 1
210 2058 241 2111 ln
256 2057 303 2111 fol.
321 2064 352 2111 11
367 2059 405 2125 (p.
422 2062 481 2124 152,
495 2059 517 2125 s)
535 2059 600 2125 post
618 2062 633 2111 9
648 2058 696 2110 τὸν
711 2075 782 2125 quae
798 2058 987 2125 sequebantur
1000 2059 1109 2127 liquore

104 2127 200 2196 aliquo
229 2127 324 2181 deleta
348 2143 409 2180 esse
437 2130 554 2196 apparet
575 2128 782 2196 recentiumque
806 2129 962 2182 litterarum
987 2129 1109 2184 colorem

103 2199 168 2253 inde
193 2198 300 2252 sactum
324 2214 384 2252 esse
408 2197 515 2251 fuscum
539 2199 567 2251 et
584 2214 673 2267 paene
692 2198 809 2269 nigrum.
848 2199 951 2252 similia
971 2206 1110 2271 apparent

103 2288 129 2339 p.
147 2276 209 2338 191,
235 2269 283 2323 ubi
305 2272 372 2351 post
390 2268 527 2338 διάστημα
545 2269 647 2322 desunt
665 2269 722 2323 fere
742 2270 813 2322 duae
832 2269 931 2324 lineae.
964 2289 990 2340 p.
1008 2277 1067 2340 198,
1083 2289 1107 2326 rr

104 2342 170 2411 post
188 2341 218 2395 di
239 2337 271 2394 οὗ
292 2340 404 2394 litterae
424 2342 548 2393 extersae
567 2341 639 2393 sunt.
672 2341 758 2393 etiam
777 2340 806 2393 in
820 2340 991 2395 Nicomacho
1011 2348 1108 2412 252,ao

103 2411 180 2465 vocis
204 2411 343 2483 συλλαβάν
366 2410 466 2464 ultima
488 2409 583 2464 littera
606 2411 713 2479 liquore
737 2411 832 2479 aliquo
856 2411 950 2466 deleta
968 2415 1011 2466 est
1030 2417 1060 2467 et
1078 2414 1108 2467 in

102 2482 223 2535 Baccbio
252 2499 335 2551 saepe
361 2480 632 2551 proslambanomeni
659 2481 735 2552 prius
767 2482 889 2551 signum,
920 2483 995 2551 quod
1023 2483 1105 2538 initio

103 2557 164 2606 erat
183 2554 214 2618 Z,
242 2552 340 2606 eadem
363 2552 472 2605 ratione
493 2554 631 2605 mutatum
653 2556 703 2606 est.
727 2571 753 2622 p.
769 2558 833 2621 995,
848 2571 874 2607 14
897 2556 961 2608 ante
986 2553 1106 2626 ἕβδομον

102 2625 237 2692 quattuor
253 2622 365 2677 litterae
383 2622 425 2676 ita
444 2622 568 2676 consulto
588 2638 683 2677 erasae
702 2626 775 2678 sunt.

174 2700 189 2747 2
216 2694 247 2747 In
270 2694 374 2748 codicis
397 2693 464 2747 folio
490 2698 522 2746 12
545 2692 633 2762 (Eucl.
659 2697 719 2762 155)
743 2695 863 2749 recentis
892 2694 1107 2765 diagrammatis

101 2764 225 2834 pallidus
256 2765 332 2819 color
360 2764 444 2818 facile
467 2764 640 2834 dignoscitur
662 2782 679 2818 a
702 2765 790 2834 nigris
813 2765 871 2819 illia
895 2785 910 2819 κ
933 2769 962 2819 et
984 2772 1012 2834 λ,
1036 2783 1107 2835 quas

103 2836 270 2890 novissimus
290 2838 427 2890 corrector
444 2834 593 2904 inscripsit.

174 2912 189 2959 ³
209 2907 248 2960 Ex
271 2906 354 2960 alluit
376 2906 449 2960 enim
470 2905 546 2959 color
564 2908 592 2958 et
610 2905 669 2958 eius
688 2907 736 2974 qui
755 2907 879 2961 Euclidis
898 2907 1108 2977 diagrammata

102 2977 249 3046 correxit(
281 2979 302 3045 ¹)
321 2980 350 3031 et
372 2976 431 3032 eius
452 2975 501 3044 qui
518 2975 652 3029 lemmata
670 2976 781 3030 addidit
798 2996 824 3046 p.
841 2982 891 3032 186
911 2981 940 3031 et
961 2996 988 3047 p.
1008 2983 1068 3046 206,
1081 2995 1106 3031 eo

101 3057 193 3117 μερῶν
211 3055 259 3115 τῆς
273 3047 336 3114 ἁρμ,
352 3050 381 3101 et
394 3066 420 3115 q.
435 3065 456 3101 s.
476 3046 594 3115 scripsit,
612 3063 668 3100 non
684 3047 776 3100 minus
790 3065 874 3117 quam
889 3048 948 3103 eius
964 3050 1106 3102 atramen-

101 3122 162 3172 tum
181 3117 229 3187 qui
247 3119 277 3171 in
291 3117 461 3172 Nicomacho
476 3122 535 3185 241,
549 3133 574 3171 rs
591 3117 669 3185 τάχει
683 3117 822 3186 pauloque
836 3124 902 3201 post
917 3120 966 3173 καὶ
979 3120 1106 3187 inseruit,

101 3188 170 3243 item
198 3188 256 3243 eins
283 3189 331 3257 qui
358 3188 497 3256 Anonymi
523 3190 674 3257 praecepta
701 3188 730 3241 in
756 3190 930 3259 marginibus
954 3190 1105 3260 inscripsit.

102 3262 199 3314 contra
223 3277 317 3314 eorum
341 3277 412 3328 quae
437 3258 506 3327 (cod.
529 3258 575 3312 fol.
591 3261 652 3327 51')
673 3259 702 3312 in
720 3259 886 3316 Aristoxeno
904 3280 931 3331 p.
948 3269 1026 3329 'lesi
1049 3261 1105 3329 Mq.

103 3331 202 3385 addita
220 3335 293 3399 sunt,
312 3348 377 3400 pars
396 3331 435 3400 (in
454 3332 574 3383 extremo
593 3333 694 3400 marg.)
712 3347 785 3384 nunc
803 3331 882 3385 fulva
899 3332 1020 3401 ridetur,
1039 3349 1105 3401 pars

101 3402 225 3471 (propius
245 3402 280 3455 ad
300 3404 407 3456 textum
445 3400 528 3468 osita)
546 3400 634 3470 nigra.
663 3405 692 3454 et
704 3401 882 3469 glossematis
896 3421 922 3472 p.
939 3408 1020 3471 190,ι
1040 3420 1106 3472 pars

101 3472 219 3543 (ἐναρμ.)
238 3473 317 3542 nigro
336 3477 379 3527 est
397 3421 500 3539 colore,
519 3488 583 3542 pars
602 3469 720 3542 (γένους)
739 3472 819 3528 ssave.
