<?xml version="1.0" encoding="UTF-8"?>
<!DOCTYPE html PUBLIC "-//W3C//DTD XHTML 1.0 Transitional//EN"
    "http://www.w3.org/TR/xhtml1/DTD/xhtml1-transitional.dtd">
<html xmlns="http://www.w3.org/1999/xhtml" xml:lang="en" lang="en">
 <head>
  <title>
</title>
<meta http-equiv="Content-Type" content="text/html;charset=utf-8" />
  <meta name='ocr-system' content='tesseract 3.04.00' />
  <meta name='ocr-capabilities' content='ocr_page ocr_carea ocr_par ocr_line ocrx_word'/>
</head>
<body>
  <div class='ocr_page' id='page_1' title='image "./musiciscriptore00jangoog_0150.png"; bbox 0 0 2466 3870; ppageno 0'>
   <div class='ocr_carea' id='block_1_1' title="bbox 578 267 1193 368">
    <p class='ocr_par' dir='ltr' id='par_1_1' title="bbox 578 267 1193 368">
     <span class='ocr_line' id='line_1_1' title="bbox 578 267 1193 368; baseline 0 -32"><span class='ocrx_word' id='word_1_1' title='bbox 578 268 781 368; x_wconf 25' lang='lat' dir='ltr'><strong>’Problemata</strong></span> <span class='ocrx_word' id='word_1_2' title='bbox 977 267 982 272; x_wconf 46' lang='lat'>⁵</span> <span class='ocrx_word' id='word_1_3' title='bbox 1149 280 1193 347; x_wconf 83' lang='lat'><strong>49</strong></span> 
     </span>
    </p>
   </div>
   <div class='ocr_carea' id='block_1_2' title="bbox 179 430 1196 3186">
    <p class='ocr_par' dir='ltr' id='par_1_2' title="bbox 179 430 1195 2004">
     <span class='ocr_line' id='line_1_2' title="bbox 180 430 1194 530; baseline -0.001 -21"><span class='ocrx_word' id='word_1_4' title='bbox 180 444 309 509; x_wconf 84' lang='lat' dir='ltr'><strong>=Per.</strong></span> <span class='ocrx_word' id='word_1_5' title='bbox 324 441 390 530; x_wconf 83' lang='lat'>82).</span> <span class='ocrx_word' id='word_1_6' title='bbox 427 443 483 506; x_wconf 90' lang='lat' dir='ltr'><strong>sed</strong></span> <span class='ocrx_word' id='word_1_7' title='bbox 507 443 585 507; x_wconf 87' lang='lat' dir='ltr'><strong>haec</strong></span> <span class='ocrx_word' id='word_1_8' title='bbox 608 465 736 527; x_wconf 88' lang='lat' dir='ltr'><strong>quoque</strong></span> <span class='ocrx_word' id='word_1_9' title='bbox 759 430 918 508; x_wconf 88' lang='lat' dir='ltr'><strong>sententia</strong></span> <span class='ocrx_word' id='word_1_10' title='bbox 940 444 1066 510; x_wconf 87' lang='lat' dir='ltr'><strong>defendi</strong></span> <span class='ocrx_word' id='word_1_11' title='bbox 1084 447 1194 528; x_wconf 88' lang='lat' dir='ltr'><strong>potest</strong></span> 
     </span>
     <span class='ocr_line' id='line_1_3' title="bbox 179 548 1193 636; baseline -0.003 -20"><span class='ocrx_word' id='word_1_12' title='bbox 179 552 252 616; x_wconf 87' lang='lat' dir='ltr'><strong>loco</strong></span> <span class='ocrx_word' id='word_1_13' title='bbox 275 551 384 636; x_wconf 87' lang='lat' dir='ltr'><strong>aliquo</strong></span> <span class='ocrx_word' id='word_1_14' title='bbox 403 548 600 632; x_wconf 84' lang='lat' dir='ltr'><strong>Aristotelis,</strong></span> <span class='ocrx_word' id='word_1_15' title='bbox 624 569 697 612; x_wconf 89' lang='lat' dir='ltr'><strong>cum</strong></span> <span class='ocrx_word' id='word_1_16' title='bbox 717 548 755 611; x_wconf 91' lang='lat' dir='ltr'><strong>de</strong></span> <span class='ocrx_word' id='word_1_17' title='bbox 774 549 916 631; x_wconf 89' lang='lat' dir='ltr'><strong>piscibus</strong></span> <span class='ocrx_word' id='word_1_18' title='bbox 934 549 1021 635; x_wconf 91' lang='lat' dir='ltr'><strong>dicit,</strong></span> <span class='ocrx_word' id='word_1_19' title='bbox 1044 552 1100 615; x_wconf 91' lang='lat' dir='ltr'><strong>ubi</strong></span> <span class='ocrx_word' id='word_1_20' title='bbox 1120 549 1193 635; x_wconf 90' lang='lat' dir='ltr'><strong>plus</strong></span> 
     </span>
     <span class='ocr_line' id='line_1_4' title="bbox 181 654 1193 741; baseline -0.001 -19"><span class='ocrx_word' id='word_1_21' title='bbox 181 658 297 723; x_wconf 81' lang='lat' dir='ltr'><strong>caloris</strong></span> <span class='ocrx_word' id='word_1_22' title='bbox 330 659 386 741; x_wconf 87' lang='lat' dir='ltr'><strong>sit,</strong></span> <span class='ocrx_word' id='word_1_23' title='bbox 420 656 465 720; x_wconf 92' lang='lat' dir='ltr'><strong>ibi</strong></span> <span class='ocrx_word' id='word_1_24' title='bbox 498 654 666 718; x_wconf 77' lang='lat' dir='ltr'><strong>fortiorem</strong></span> <span class='ocrx_word' id='word_1_25' title='bbox 699 674 768 717; x_wconf 87' lang='lat' dir='ltr'><strong>esse</strong></span> <span class='ocrx_word' id='word_1_26' title='bbox 799 657 831 717; x_wconf 87' lang='lat' dir='ltr'><strong>et</strong></span> <span class='ocrx_word' id='word_1_27' title='bbox 858 654 1041 720; x_wconf 87' lang='lat' dir='ltr'><strong>celeriorem</strong></span> <span class='ocrx_word' id='word_1_28' title='bbox 1069 662 1193 722; x_wconf 91' lang='lat' dir='ltr'><strong>motum</strong></span> 
     </span>
     <span class='ocr_line' id='line_1_5' title="bbox 181 756 1194 852; baseline -0.002 -22"><span class='ocrx_word' id='word_1_29' title='bbox 181 763 278 852; x_wconf 83' lang='lat' dir='ltr'><strong>(part.</strong></span> <span class='ocrx_word' id='word_1_30' title='bbox 301 788 350 829; x_wconf 88' lang='lat' dir='ltr'><strong>an.</strong></span> <span class='ocrx_word' id='word_1_31' title='bbox 369 761 416 826; x_wconf 86' lang='lat' dir='ltr'><strong>IV</strong></span> <span class='ocrx_word' id='word_1_32' title='bbox 433 763 473 826; x_wconf 90' lang='lat'><strong>13</strong></span> <span class='ocrx_word' id='word_1_33' title='bbox 497 781 528 842; x_wconf 89' lang='lat' dir='ltr'><strong>p.</strong></span> <span class='ocrx_word' id='word_1_34' title='bbox 543 756 679 844; x_wconf 58' lang='lat' dir='ltr'><strong>osobff).</strong></span> <span class='ocrx_word' id='word_1_35' title='bbox 730 759 840 843; x_wconf 85' lang='lat' dir='ltr'><strong>itaque</strong></span> <span class='ocrx_word' id='word_1_36' title='bbox 867 760 952 843; x_wconf 92' lang='lat' dir='ltr'><strong>quod</strong></span> <span class='ocrx_word' id='word_1_37' title='bbox 979 761 1042 824; x_wconf 76' lang='lat' dir='ltr'><strong>elia</strong></span> <span class='ocrx_word' id='word_1_38' title='bbox 1069 764 1194 845; x_wconf 80' lang='lat' dir='ltr'><strong>proble</strong></span> 
     </span>
     <span class='ocr_line' id='line_1_6' title="bbox 183 865 1192 954; baseline -0.003 -18"><span class='ocrx_word' id='word_1_39' title='bbox 183 876 270 936; x_wconf 87' lang='lat' dir='ltr'><strong>mata</strong></span> <span class='ocrx_word' id='word_1_40' title='bbox 302 889 395 934; x_wconf 84' lang='lat' dir='ltr'><strong>voces</strong></span> <span class='ocrx_word' id='word_1_41' title='bbox 427 865 588 929; x_wconf 79' lang='lat' dir='ltr'><strong>acutiores</strong></span> <span class='ocrx_word' id='word_1_42' title='bbox 617 886 687 928; x_wconf 90' lang='lat' dir='ltr'><strong>esse</strong></span> <span class='ocrx_word' id='word_1_43' title='bbox 715 866 911 929; x_wconf 84' lang='lat' dir='ltr'><strong>contendunt</strong></span> <span class='ocrx_word' id='word_1_44' title='bbox 937 866 1042 932; x_wconf 89' lang='lat' dir='ltr'><strong>hieme</strong></span> <span class='ocrx_word' id='word_1_45' title='bbox 1070 865 1131 954; x_wconf 91' lang='lat' dir='ltr'><strong>(XI</strong></span> <span class='ocrx_word' id='word_1_46' title='bbox 1151 872 1192 935; x_wconf 87' lang='lat'><strong>32</strong></span> 
     </span>
     <span class='ocr_line' id='line_1_7' title="bbox 183 969 1193 1062; baseline -0.001 -21"><span class='ocrx_word' id='word_1_47' title='bbox 183 1008 224 1031; x_wconf 89' lang='lat'><em>=</em></span> <span class='ocrx_word' id='word_1_48' title='bbox 243 977 314 1042; x_wconf 89' lang='lat' dir='ltr'><strong>Par.</strong></span> <span class='ocrx_word' id='word_1_49' title='bbox 339 974 390 1038; x_wconf 86' lang='lat'><strong>84.</strong></span> <span class='ocrx_word' id='word_1_50' title='bbox 411 1009 452 1018; x_wconf 96' lang='lat'>—</span> <span class='ocrx_word' id='word_1_51' title='bbox 472 969 529 1058; x_wconf 80' lang='lat'><strong>56)</strong></span> <span class='ocrx_word' id='word_1_52' title='bbox 563 970 625 1034; x_wconf 82' lang='lat' dir='ltr'><strong>alia</strong></span> <span class='ocrx_word' id='word_1_53' title='bbox 658 975 781 1035; x_wconf 83' lang='lat' dir='ltr'><strong>aestate</strong></span> <span class='ocrx_word' id='word_1_54' title='bbox 813 970 879 1058; x_wconf 77' lang='lat'>(17.</span> <span class='ocrx_word' id='word_1_55' title='bbox 908 975 948 1038; x_wconf 87' lang='grc'><strong>61</strong></span> <span class='ocrx_word' id='word_1_56' title='bbox 970 1005 1012 1026; x_wconf 93' lang='lat'><em>=</em></span> <span class='ocrx_word' id='word_1_57' title='bbox 1030 973 1101 1038; x_wconf 91' lang='lat' dir='ltr'><strong>Par.</strong></span> <span class='ocrx_word' id='word_1_58' title='bbox 1126 974 1193 1062; x_wconf 82' lang='lat'><strong>94),</strong></span> 
     </span>
     <span class='ocr_line' id='line_1_8' title="bbox 183 1076 1193 1163; baseline 0 -17"><span class='ocrx_word' id='word_1_59' title='bbox 183 1083 238 1146; x_wconf 86' lang='lat' dir='ltr'><strong>illa</strong></span> <span class='ocrx_word' id='word_1_60' title='bbox 265 1085 351 1145; x_wconf 89' lang='lat' dir='ltr'><strong>certe</strong></span> <span class='ocrx_word' id='word_1_61' title='bbox 374 1076 548 1162; x_wconf 85' lang='lat' dir='ltr'><strong>Stagiritae</strong></span> <span class='ocrx_word' id='word_1_62' title='bbox 577 1079 770 1141; x_wconf 86' lang='lat' dir='ltr'><strong>auctoritate</strong></span> <span class='ocrx_word' id='word_1_63' title='bbox 797 1079 958 1163; x_wconf 88' lang='lat' dir='ltr'><strong>nituntur,</strong></span> <span class='ocrx_word' id='word_1_64' title='bbox 986 1079 1064 1144; x_wconf 90' lang='lat' dir='ltr'><strong>haec</strong></span> <span class='ocrx_word' id='word_1_65' title='bbox 1086 1104 1193 1146; x_wconf 87' lang='lat' dir='ltr'><strong>rerum</strong></span> 
     </span>
     <span class='ocr_line' id='line_1_9' title="bbox 185 1182 1194 1252; baseline 0 0"><span class='ocrx_word' id='word_1_66' title='bbox 185 1188 319 1252; x_wconf 82' lang='lat' dir='ltr'><strong>veritate</strong></span> <span class='ocrx_word' id='word_1_67' title='bbox 342 1183 607 1248; x_wconf 74' lang='lat' dir='ltr'><strong>commendantur</strong></span> <span class='ocrx_word' id='word_1_68' title='bbox 630 1187 661 1247; x_wconf 84' lang='lat' dir='ltr'><strong>et</strong></span> <span class='ocrx_word' id='word_1_69' title='bbox 680 1182 751 1248; x_wconf 88' lang='lat' dir='ltr'><strong>loco</strong></span> <span class='ocrx_word' id='word_1_70' title='bbox 771 1184 826 1249; x_wconf 89' lang='lat' dir='ltr'><strong>illo</strong></span> <span class='ocrx_word' id='word_1_71' title='bbox 846 1185 884 1248; x_wconf 92' lang='lat' dir='ltr'><strong>de</strong></span> <span class='ocrx_word' id='word_1_72' title='bbox 903 1187 935 1249; x_wconf 90' lang='lat' dir='ltr'><strong>vi</strong></span> <span class='ocrx_word' id='word_1_73' title='bbox 953 1190 986 1249; x_wconf 92' lang='lat' dir='ltr'><strong>et</strong></span> <span class='ocrx_word' id='word_1_74' title='bbox 1004 1185 1194 1252; x_wconf 82' lang='lat' dir='ltr'><strong>fortitudine</strong></span> 
     </span>
     <span class='ocr_line' id='line_1_10' title="bbox 184 1289 1193 1376; baseline 0 -18"><span class='ocrx_word' id='word_1_75' title='bbox 184 1293 307 1358; x_wconf 84' lang='lat' dir='ltr'><strong>caloris.</strong></span> <span class='ocrx_word' id='word_1_76' title='bbox 344 1312 381 1355; x_wconf 91' lang='lat' dir='ltr'><strong>ac</strong></span> <span class='ocrx_word' id='word_1_77' title='bbox 405 1289 443 1353; x_wconf 90' lang='lat' dir='ltr'><strong>de</strong></span> <span class='ocrx_word' id='word_1_78' title='bbox 466 1290 578 1353; x_wconf 90' lang='lat' dir='ltr'><strong>auditu</strong></span> <span class='ocrx_word' id='word_1_79' title='bbox 602 1312 730 1374; x_wconf 90' lang='lat' dir='ltr'><strong>quoque</strong></span> <span class='ocrx_word' id='word_1_80' title='bbox 753 1291 860 1355; x_wconf 77' lang='lat' dir='ltr'><strong>inveni</strong></span> <span class='ocrx_word' id='word_1_81' title='bbox 883 1292 967 1376; x_wconf 92' lang='lat' dir='ltr'><strong>quod</strong></span> <span class='ocrx_word' id='word_1_82' title='bbox 991 1294 1193 1358; x_wconf 80' lang='lat' dir='ltr'><strong>concordent.</strong></span> 
     </span>
     <span class='ocr_line' id='line_1_11' title="bbox 184 1394 1193 1484; baseline 0.002 -22"><span class='ocrx_word' id='word_1_83' title='bbox 184 1399 269 1484; x_wconf 88' lang='lat' dir='ltr'><strong>quod</strong></span> <span class='ocrx_word' id='word_1_84' title='bbox 292 1399 377 1464; x_wconf 86' lang='lat' dir='ltr'><strong>enim</strong></span> <span class='ocrx_word' id='word_1_85' title='bbox 400 1396 539 1481; x_wconf 86' lang='lat' dir='ltr'><strong>legimus</strong></span> <span class='ocrx_word' id='word_1_86' title='bbox 563 1397 596 1461; x_wconf 92' lang='lat' dir='ltr'><strong>in</strong></span> <span class='ocrx_word' id='word_1_87' title='bbox 619 1419 665 1480; x_wconf 90' lang='lat' dir='ltr'><strong>pr.</strong></span> <span class='ocrx_word' id='word_1_88' title='bbox 685 1394 731 1460; x_wconf 87' lang='lat' dir='ltr'><strong>XI</strong></span> <span class='ocrx_word' id='word_1_89' title='bbox 753 1398 803 1462; x_wconf 85' lang='lat'><strong>29.</strong></span> <span class='ocrx_word' id='word_1_90' title='bbox 821 1398 864 1461; x_wconf 92' lang='lat'><strong>44</strong></span> <span class='ocrx_word' id='word_1_91' title='bbox 883 1398 1029 1483; x_wconf 86' lang='lat' dir='ltr'><strong>impediri</strong></span> <span class='ocrx_word' id='word_1_92' title='bbox 1048 1399 1193 1464; x_wconf 88' lang='lat' dir='ltr'><strong>auditum</strong></span> 
     </span>
     <span class='ocr_line' id='line_1_12' title="bbox 184 1501 1193 1588; baseline -0.002 -16"><span class='ocrx_word' id='word_1_93' title='bbox 184 1506 274 1572; x_wconf 81' lang='lat' dir='ltr'><strong>hiatu</strong></span> <span class='ocrx_word' id='word_1_94' title='bbox 311 1510 345 1570; x_wconf 93' lang='lat' dir='ltr'><strong>et</strong></span> <span class='ocrx_word' id='word_1_95' title='bbox 376 1501 514 1566; x_wconf 85' lang='lat' dir='ltr'><strong>efflando</strong></span> <span class='ocrx_word' id='word_1_96' title='bbox 547 1503 677 1588; x_wconf 80' lang='lat' dir='ltr'><strong>spirltu,</strong></span> <span class='ocrx_word' id='word_1_97' title='bbox 715 1502 777 1567; x_wconf 92' lang='lat' dir='ltr'><strong>hoc</strong></span> <span class='ocrx_word' id='word_1_98' title='bbox 808 1508 972 1588; x_wconf 89' lang='lat' dir='ltr'><strong>sumptum</strong></span> <span class='ocrx_word' id='word_1_99' title='bbox 1002 1506 1128 1570; x_wconf 83' lang='lat' dir='ltr'><strong>videtur</strong></span> <span class='ocrx_word' id='word_1_100' title='bbox 1155 1528 1193 1570; x_wconf 84' lang='lat' dir='ltr'><strong>ex</strong></span> 
     </span>
     <span class='ocr_line' id='line_1_13' title="bbox 182 1607 1193 1700; baseline -0.001 -22"><span class='ocrx_word' id='word_1_101' title='bbox 182 1613 202 1678; x_wconf 96' lang='lat' dir='ltr'><strong>l.</strong></span> <span class='ocrx_word' id='word_1_102' title='bbox 221 1613 260 1678; x_wconf 94' lang='lat' dir='ltr'><strong>de</strong></span> <span class='ocrx_word' id='word_1_103' title='bbox 277 1609 484 1700; x_wconf 82' lang='lat' dir='ltr'><strong>generatione</strong></span> <span class='ocrx_word' id='word_1_104' title='bbox 499 1607 570 1671; x_wconf 76' lang='lat' dir='ltr'><strong>V2,</strong></span> <span class='ocrx_word' id='word_1_105' title='bbox 607 1608 743 1694; x_wconf 91' lang='lat' dir='ltr'><strong>denique</strong></span> <span class='ocrx_word' id='word_1_106' title='bbox 757 1647 801 1656; x_wconf 94' lang='lat'>-</span> <span class='ocrx_word' id='word_1_107' title='bbox 815 1633 855 1674; x_wconf 89' lang='lat' dir='ltr'><strong>ne</strong></span> <span class='ocrx_word' id='word_1_108' title='bbox 872 1634 970 1695; x_wconf 84' lang='lat' dir='ltr'><strong>parva</strong></span> <span class='ocrx_word' id='word_1_109' title='bbox 988 1613 1136 1677; x_wconf 75' lang='lat' dir='ltr'><strong>omittam</strong></span> <span class='ocrx_word' id='word_1_110' title='bbox 1152 1651 1193 1658; x_wconf 97' lang='lat'><em>-</em></span> 
     </span>
     <span class='ocr_line' id='line_1_14' title="bbox 183 1713 1194 1805; baseline -0.003 -19"><span class='ocrx_word' id='word_1_111' title='bbox 183 1713 530 1805; x_wconf 75' lang='grc' dir='ltr'><strong><em>παρανενευρισμένον</em></strong></span> <span class='ocrx_word' id='word_1_112' title='bbox 561 1714 640 1778; x_wconf 91' lang='lat' dir='ltr'><strong>illud</strong></span> <span class='ocrx_word' id='word_1_113' title='bbox 672 1714 718 1780; x_wconf 89' lang='lat' dir='ltr'><strong>XI</strong></span> <span class='ocrx_word' id='word_1_114' title='bbox 743 1718 784 1781; x_wconf 88' lang='lat'><strong>31</strong></span> <span class='ocrx_word' id='word_1_115' title='bbox 814 1716 852 1780; x_wconf 93' lang='lat' dir='ltr'><strong>de</strong></span> <span class='ocrx_word' id='word_1_116' title='bbox 880 1717 997 1782; x_wconf 87' lang='lat' dir='ltr'><strong>chorda</strong></span> <span class='ocrx_word' id='word_1_117' title='bbox 1025 1741 1106 1803; x_wconf 89' lang='lat' dir='ltr'><strong>quae</strong></span> <span class='ocrx_word' id='word_1_118' title='bbox 1133 1741 1194 1783; x_wconf 87' lang='lat' dir='ltr'><strong>usu</strong></span> 
     </span>
     <span class='ocr_line' id='line_1_15' title="bbox 185 1821 1195 1906; baseline -0.001 -16"><span class='ocrx_word' id='word_1_119' title='bbox 185 1824 328 1890; x_wconf 80' lang='lat' dir='ltr'><strong>confecta</strong></span> <span class='ocrx_word' id='word_1_120' title='bbox 351 1825 385 1887; x_wconf 94' lang='lat' dir='ltr'><strong>in</strong></span> <span class='ocrx_word' id='word_1_121' title='bbox 408 1821 516 1904; x_wconf 89' lang='lat' dir='ltr'><strong>plures</strong></span> <span class='ocrx_word' id='word_1_122' title='bbox 536 1821 634 1884; x_wconf 81' lang='lat' dir='ltr'><strong>fibras</strong></span> <span class='ocrx_word' id='word_1_123' title='bbox 661 1822 816 1905; x_wconf 86' lang='lat' dir='ltr'><strong>discessit,</strong></span> <span class='ocrx_word' id='word_1_124' title='bbox 839 1824 978 1906; x_wconf 89' lang='lat' dir='ltr'><strong>primum</strong></span> <span class='ocrx_word' id='word_1_125' title='bbox 1001 1825 1122 1889; x_wconf 88' lang='lat' dir='ltr'><strong>dictum</strong></span> <span class='ocrx_word' id='word_1_126' title='bbox 1146 1829 1195 1889; x_wconf 90' lang='lat' dir='ltr'><strong>est</strong></span> 
     </span>
     <span class='ocr_line' id='line_1_16' title="bbox 185 1925 711 2004; baseline -0.011 -7"><span class='ocrx_word' id='word_1_127' title='bbox 185 1933 223 1997; x_wconf 87' lang='lat' dir='ltr'><strong>ab</strong></span> <span class='ocrx_word' id='word_1_128' title='bbox 247 1928 423 1997; x_wconf 86' lang='lat' dir='ltr'><strong>Aristotele</strong></span> <span class='ocrx_word' id='word_1_129' title='bbox 447 1927 521 1991; x_wconf 87' lang='lat' dir='ltr'><strong>hist.</strong></span> <span class='ocrx_word' id='word_1_130' title='bbox 540 1950 590 2004; x_wconf 87' lang='lat' dir='ltr'><strong>an.</strong></span> <span class='ocrx_word' id='word_1_131' title='bbox 605 1925 668 1991; x_wconf 94' lang='lat' dir='ltr'><strong>Vll</strong></span> <span class='ocrx_word' id='word_1_132' title='bbox 686 1931 711 1991; x_wconf 90' lang='lat'><strong>1.</strong></span> 
     </span>
    </p>

    <p class='ocr_par' dir='ltr' id='par_1_3' title="bbox 186 2033 1196 3186">
     <span class='ocr_line' id='line_1_17' title="bbox 250 2033 1195 2122; baseline 0 -20"><span class='ocrx_word' id='word_1_133' title='bbox 250 2038 394 2102; x_wconf 89' lang='lat' dir='ltr'><strong>Plurima</strong></span> <span class='ocrx_word' id='word_1_134' title='bbox 418 2035 518 2120; x_wconf 85' lang='lat' dir='ltr'><strong>igitur</strong></span> <span class='ocrx_word' id='word_1_135' title='bbox 542 2034 687 2098; x_wconf 85' lang='lat' dir='ltr'><strong>videmus</strong></span> <span class='ocrx_word' id='word_1_136' title='bbox 709 2033 877 2099; x_wconf 85' lang='lat' dir='ltr'><strong>Aristoteli</strong></span> <span class='ocrx_word' id='word_1_137' title='bbox 902 2058 973 2101; x_wconf 88' lang='lat' dir='ltr'><strong>cum</strong></span> <span class='ocrx_word' id='word_1_138' title='bbox 996 2037 1047 2101; x_wconf 90' lang='lat' dir='ltr'><strong>his</strong></span> <span class='ocrx_word' id='word_1_139' title='bbox 1070 2038 1195 2122; x_wconf 87' lang='lat' dir='ltr'><strong>proble-</strong></span> 
     </span>
     <span class='ocr_line' id='line_1_18' title="bbox 186 2142 1195 2209; baseline -0.001 0"><span class='ocrx_word' id='word_1_140' title='bbox 186 2147 279 2209; x_wconf 85' lang='lat' dir='ltr'><strong>matis</strong></span> <span class='ocrx_word' id='word_1_141' title='bbox 312 2165 382 2208; x_wconf 91' lang='lat' dir='ltr'><strong>esse</strong></span> <span class='ocrx_word' id='word_1_142' title='bbox 410 2142 600 2205; x_wconf 88' lang='lat' dir='ltr'><strong>communia.</strong></span> <span class='ocrx_word' id='word_1_143' title='bbox 648 2142 757 2205; x_wconf 89' lang='lat' dir='ltr'><strong>eadem</strong></span> <span class='ocrx_word' id='word_1_144' title='bbox 787 2146 862 2206; x_wconf 87' lang='lat' dir='ltr'><strong>sunt</strong></span> <span class='ocrx_word' id='word_1_145' title='bbox 889 2142 1096 2208; x_wconf 85' lang='lat' dir='ltr'><strong>fundamenta</strong></span> <span class='ocrx_word' id='word_1_146' title='bbox 1124 2145 1195 2209; x_wconf 88' lang='lat' dir='ltr'><strong>doc·</strong></span> 
     </span>
     <span class='ocr_line' id='line_1_19' title="bbox 187 2247 1196 2337; baseline 0.002 -24"><span class='ocrx_word' id='word_1_147' title='bbox 187 2253 287 2315; x_wconf 89' lang='lat' dir='ltr'><strong>trinae</strong></span> <span class='ocrx_word' id='word_1_148' title='bbox 315 2255 348 2314; x_wconf 91' lang='lat' dir='ltr'><strong>et</strong></span> <span class='ocrx_word' id='word_1_149' title='bbox 371 2247 579 2334; x_wconf 82' lang='lat' dir='ltr'><strong>gravissimae</strong></span> <span class='ocrx_word' id='word_1_150' title='bbox 603 2247 821 2313; x_wconf 86' lang='lat' dir='ltr'><strong>dubitationes</strong></span> <span class='ocrx_word' id='word_1_151' title='bbox 845 2247 897 2335; x_wconf 89' lang='lat' dir='ltr'><strong>(ut</strong></span> <span class='ocrx_word' id='word_1_152' title='bbox 920 2248 965 2312; x_wconf 84' lang='lat' dir='ltr'><strong>XI</strong></span> <span class='ocrx_word' id='word_1_153' title='bbox 986 2251 1035 2313; x_wconf 86' lang='lat'><strong>14.</strong></span> <span class='ocrx_word' id='word_1_154' title='bbox 1054 2249 1111 2337; x_wconf 88' lang='grc'><strong>40)</strong></span> <span class='ocrx_word' id='word_1_155' title='bbox 1136 2250 1196 2315; x_wconf 85' lang='lat' dir='ltr'><strong>hac</strong></span> 
     </span>
     <span class='ocr_line' id='line_1_20' title="bbox 187 2355 1195 2440; baseline -0.001 -19"><span class='ocrx_word' id='word_1_156' title='bbox 187 2359 253 2440; x_wconf 88' lang='lat' dir='ltr'><strong>ipsa</strong></span> <span class='ocrx_word' id='word_1_157' title='bbox 286 2356 432 2420; x_wconf 87' lang='lat' dir='ltr'><strong>doctrina</strong></span> <span class='ocrx_word' id='word_1_158' title='bbox 464 2355 626 2438; x_wconf 71' lang='lat' dir='ltr'><strong>nituntur,</strong></span> <span class='ocrx_word' id='word_1_159' title='bbox 659 2355 756 2418; x_wconf 87' lang='lat' dir='ltr'><strong>etiarn</strong></span> <span class='ocrx_word' id='word_1_160' title='bbox 787 2360 955 2439; x_wconf 85' lang='lat' dir='ltr'><strong>praecepta</strong></span> <span class='ocrx_word' id='word_1_161' title='bbox 987 2377 1067 2439; x_wconf 90' lang='lat' dir='ltr'><strong>quae</strong></span> <span class='ocrx_word' id='word_1_162' title='bbox 1099 2355 1195 2420; x_wconf 87' lang='lat' dir='ltr'><strong>huius</strong></span> 
     </span>
     <span class='ocr_line' id='line_1_21' title="bbox 186 2460 1196 2545; baseline -0.001 -18"><span class='ocrx_word' id='word_1_163' title='bbox 186 2465 299 2528; x_wconf 86' lang='lat' dir='ltr'><strong>aetatis</strong></span> <span class='ocrx_word' id='word_1_164' title='bbox 328 2461 469 2527; x_wconf 89' lang='lat' dir='ltr'><strong>hominis</strong></span> <span class='ocrx_word' id='word_1_165' title='bbox 494 2483 573 2525; x_wconf 89' lang='lat' dir='ltr'><strong>naso</strong></span> <span class='ocrx_word' id='word_1_166' title='bbox 597 2460 720 2524; x_wconf 90' lang='lat' dir='ltr'><strong>adunco</strong></span> <span class='ocrx_word' id='word_1_167' title='bbox 745 2461 880 2525; x_wconf 85' lang='lat' dir='ltr'><strong>forsitan</strong></span> <span class='ocrx_word' id='word_1_168' title='bbox 903 2461 1129 2545; x_wconf 85' lang='lat' dir='ltr'><strong>suspendeant,</strong></span> <span class='ocrx_word' id='word_1_169' title='bbox 1158 2486 1196 2526; x_wconf 78' lang='lat' dir='ltr'><strong>ex</strong></span> 
     </span>
     <span class='ocr_line' id='line_1_22' title="bbox 188 2566 1195 2652; baseline -0.002 -18"><span class='ocrx_word' id='word_1_170' title='bbox 188 2570 240 2634; x_wconf 89' lang='lat' dir='ltr'><strong>illa</strong></span> <span class='ocrx_word' id='word_1_171' title='bbox 255 2570 402 2634; x_wconf 88' lang='lat' dir='ltr'><strong>doctrina</strong></span> <span class='ocrx_word' id='word_1_172' title='bbox 415 2568 585 2631; x_wconf 84' lang='lat' dir='ltr'><strong>fluxerunt.</strong></span> <span class='ocrx_word' id='word_1_173' title='bbox 619 2568 683 2631; x_wconf 88' lang='lat' dir='ltr'><strong>iarn</strong></span> <span class='ocrx_word' id='word_1_174' title='bbox 698 2569 730 2631; x_wconf 94' lang='lat' dir='ltr'><strong>in</strong></span> <span class='ocrx_word' id='word_1_175' title='bbox 745 2569 886 2632; x_wconf 87' lang='lat' dir='ltr'><strong>sectione</strong></span> <span class='ocrx_word' id='word_1_176' title='bbox 899 2566 976 2631; x_wconf 85' lang='lat' dir='ltr'><strong>XIX</strong></span> <span class='ocrx_word' id='word_1_177' title='bbox 991 2568 1091 2632; x_wconf 88' lang='lat' dir='ltr'><strong>multa</strong></span> <span class='ocrx_word' id='word_1_178' title='bbox 1110 2574 1195 2652; x_wconf 89' lang='lat' dir='ltr'><strong>sunt,</strong></span> 
     </span>
     <span class='ocr_line' id='line_1_23' title="bbox 188 2673 1194 2761; baseline -0.002 -20"><span class='ocrx_word' id='word_1_179' title='bbox 188 2699 267 2761; x_wconf 83' lang='lat' dir='ltr'><strong>quae</strong></span> <span class='ocrx_word' id='word_1_180' title='bbox 287 2674 424 2760; x_wconf 88' lang='lat' dir='ltr'><strong>sapienti</strong></span> <span class='ocrx_word' id='word_1_181' title='bbox 443 2673 637 2757; x_wconf 88' lang='lat' dir='ltr'><strong>philosopho</strong></span> <span class='ocrx_word' id='word_1_182' title='bbox 658 2675 826 2738; x_wconf 84' lang='lat' dir='ltr'><strong>videantur</strong></span> <span class='ocrx_word' id='word_1_183' title='bbox 845 2674 1040 2760; x_wconf 84' lang='lat' dir='ltr'><strong>dignissima,</strong></span> <span class='ocrx_word' id='word_1_184' title='bbox 1059 2675 1096 2738; x_wconf 90' lang='lat' dir='ltr'><strong>de</strong></span> <span class='ocrx_word' id='word_1_185' title='bbox 1116 2675 1194 2739; x_wconf 90' lang='lat' dir='ltr'><strong>artis</strong></span> 
     </span>
     <span class='ocr_line' id='line_1_24' title="bbox 187 2780 1195 2867; baseline 0 -21"><span class='ocrx_word' id='word_1_186' title='bbox 187 2807 245 2847; x_wconf 90' lang='lat' dir='ltr'><strong>usu</strong></span> <span class='ocrx_word' id='word_1_187' title='bbox 265 2786 298 2848; x_wconf 91' lang='lat' dir='ltr'><strong>in</strong></span> <span class='ocrx_word' id='word_1_188' title='bbox 317 2783 424 2847; x_wconf 92' lang='lat' dir='ltr'><strong>nomis</strong></span> <span class='ocrx_word' id='word_1_189' title='bbox 448 2780 662 2864; x_wconf 84' lang='lat' dir='ltr'><strong>dithyrambis</strong></span> <span class='ocrx_word' id='word_1_190' title='bbox 687 2781 868 2867; x_wconf 84' lang='lat' dir='ltr'><strong>tragoediis,</strong></span> <span class='ocrx_word' id='word_1_191' title='bbox 892 2781 930 2844; x_wconf 92' lang='lat' dir='ltr'><strong>de</strong></span> <span class='ocrx_word' id='word_1_192' title='bbox 953 2781 1066 2845; x_wconf 90' lang='lat' dir='ltr'><strong>morali</strong></span> <span class='ocrx_word' id='word_1_193' title='bbox 1089 2782 1195 2846; x_wconf 93' lang='lat' dir='ltr'><strong>indole</strong></span> 
     </span>
     <span class='ocr_line' id='line_1_25' title="bbox 187 2886 1194 2969; baseline 0.001 -19"><span class='ocrx_word' id='word_1_194' title='bbox 187 2890 235 2953; x_wconf 82' lang='lat' dir='ltr'><strong>vel</strong></span> <span class='ocrx_word' id='word_1_195' title='bbox 258 2891 395 2954; x_wconf 87' lang='lat' dir='ltr'><strong>musices</strong></span> <span class='ocrx_word' id='word_1_196' title='bbox 421 2887 470 2951; x_wconf 88' lang='lat' dir='ltr'><strong>vel</strong></span> <span class='ocrx_word' id='word_1_197' title='bbox 494 2886 741 2969; x_wconf 84' lang='lat' dir='ltr'><strong>harmoniarum,</strong></span> <span class='ocrx_word' id='word_1_198' title='bbox 766 2888 803 2952; x_wconf 91' lang='lat' dir='ltr'><strong>de</strong></span> <span class='ocrx_word' id='word_1_199' title='bbox 828 2888 1008 2951; x_wconf 85' lang='lat' dir='ltr'><strong>canentium</strong></span> <span class='ocrx_word' id='word_1_200' title='bbox 1032 2889 1194 2953; x_wconf 87' lang='lat' dir='ltr'><strong>erroribus</strong></span> 
     </span>
     <span class='ocr_line' id='line_1_26' title="bbox 187 2993 1194 3077; baseline -0.001 -18"><span class='ocrx_word' id='word_1_201' title='bbox 187 3001 217 3059; x_wconf 89' lang='lat' dir='ltr'><strong>et</strong></span> <span class='ocrx_word' id='word_1_202' title='bbox 245 2997 444 3061; x_wconf 88' lang='lat' dir='ltr'><strong>audientium</strong></span> <span class='ocrx_word' id='word_1_203' title='bbox 475 2993 652 3077; x_wconf 83' lang='lat' dir='ltr'><strong>voluptate,</strong></span> <span class='ocrx_word' id='word_1_204' title='bbox 686 3017 821 3077; x_wconf 88' lang='lat' dir='ltr'><strong>quorum</strong></span> <span class='ocrx_word' id='word_1_205' title='bbox 854 2996 915 3058; x_wconf 87' lang='lat' dir='ltr'><strong>etsi</strong></span> <span class='ocrx_word' id='word_1_206' title='bbox 948 2995 980 3058; x_wconf 87' lang='lat' dir='ltr'><strong>in</strong></span> <span class='ocrx_word' id='word_1_207' title='bbox 1008 2993 1194 3059; x_wconf 83' lang='lat' dir='ltr'><strong>Aristotelis</strong></span> 
     </span>
     <span class='ocr_line' id='line_1_27' title="bbox 186 3101 1195 3186; baseline 0 -21"><span class='ocrx_word' id='word_1_208' title='bbox 186 3101 278 3167; x_wconf 88' lang='lat' dir='ltr'><strong>libris</strong></span> <span class='ocrx_word' id='word_1_209' title='bbox 296 3104 351 3186; x_wconf 91' lang='lat' dir='ltr'><strong>qui</strong></span> <span class='ocrx_word' id='word_1_210' title='bbox 371 3101 411 3164; x_wconf 89' lang='lat' dir='ltr'><strong>ad</strong></span> <span class='ocrx_word' id='word_1_211' title='bbox 429 3122 488 3165; x_wconf 90' lang='lat' dir='ltr'><strong>nos</strong></span> <span class='ocrx_word' id='word_1_212' title='bbox 507 3105 721 3184; x_wconf 89' lang='lat' dir='ltr'><strong>pervenerunt</strong></span> <span class='ocrx_word' id='word_1_213' title='bbox 740 3101 856 3184; x_wconf 84' lang='lat' dir='ltr'><strong>pauca¹</strong></span> <span class='ocrx_word' id='word_1_214' title='bbox 876 3103 1063 3185; x_wconf 88' lang='lat' dir='ltr'><strong>invenimus,</strong></span> <span class='ocrx_word' id='word_1_215' title='bbox 1088 3106 1195 3165; x_wconf 88' lang='lat' dir='ltr'><strong>tamen</strong></span> 
     </span>
    </p>
   </div>
   <div class='ocr_carea' id='block_1_3' title="bbox 185 3362 1196 3716">
    <p class='ocr_par' dir='ltr' id='par_1_4' title="bbox 185 3362 1196 3716">
     <span class='ocr_line' id='line_1_28' title="bbox 257 3362 1195 3434; baseline -0.001 -15"><span class='ocrx_word' id='word_1_216' title='bbox 257 3372 270 3418; x_wconf 91' lang='lat' dir='ltr'><strong>l</strong></span> <span class='ocrx_word' id='word_1_217' title='bbox 293 3366 371 3430; x_wconf 87' lang='lat' dir='ltr'><strong>Quae</strong></span> <span class='ocrx_word' id='word_1_218' title='bbox 391 3364 425 3417; x_wconf 92' lang='lat' dir='ltr'><strong>de</strong></span> <span class='ocrx_word' id='word_1_219' title='bbox 444 3362 563 3417; x_wconf 83' lang='lat' dir='ltr'><strong>musices</strong></span> <span class='ocrx_word' id='word_1_220' title='bbox 582 3363 677 3418; x_wconf 89' lang='lat' dir='ltr'><strong>indole</strong></span> <span class='ocrx_word' id='word_1_221' title='bbox 697 3365 816 3434; x_wconf 82' lang='lat' dir='ltr'><strong>legimus</strong></span> <span class='ocrx_word' id='word_1_222' title='bbox 835 3366 898 3419; x_wconf 83' lang='lat' dir='ltr'><strong>XIX</strong></span> <span class='ocrx_word' id='word_1_223' title='bbox 911 3371 944 3420; x_wconf 76' lang='lat'><strong>27</strong></span> <span class='ocrx_word' id='word_1_224' title='bbox 960 3369 988 3420; x_wconf 87' lang='lat' dir='ltr'><strong>et</strong></span> <span class='ocrx_word' id='word_1_225' title='bbox 1002 3371 1045 3434; x_wconf 74' lang='lat'><strong>29,</strong></span> <span class='ocrx_word' id='word_1_226' title='bbox 1064 3365 1195 3419; x_wconf 83' lang='lat' dir='ltr'><strong>videntur</strong></span> 
     </span>
     <span class='ocr_line' id='line_1_29' title="bbox 186 3433 1196 3506; baseline 0 -16"><span class='ocrx_word' id='word_1_227' title='bbox 186 3437 314 3490; x_wconf 81' lang='lat' dir='ltr'><strong>conlecta</strong></span> <span class='ocrx_word' id='word_1_228' title='bbox 338 3452 398 3489; x_wconf 83' lang='lat' dir='ltr'><strong>esse</strong></span> <span class='ocrx_word' id='word_1_229' title='bbox 422 3451 455 3487; x_wconf 88' lang='lat' dir='ltr'><strong>ex</strong></span> <span class='ocrx_word' id='word_1_230' title='bbox 478 3433 550 3487; x_wconf 89' lang='lat' dir='ltr'><strong>libro</strong></span> <span class='ocrx_word' id='word_1_231' title='bbox 574 3434 608 3487; x_wconf 92' lang='lat' dir='ltr'><strong>de</strong></span> <span class='ocrx_word' id='word_1_232' title='bbox 632 3453 661 3489; x_wconf 90' lang='lat' dir='ltr'><strong>re</strong></span> <span class='ocrx_word' id='word_1_233' title='bbox 685 3436 798 3505; x_wconf 87' lang='lat' dir='ltr'><strong>publica</strong></span> <span class='ocrx_word' id='word_1_234' title='bbox 817 3437 881 3490; x_wconf 84' lang='lat' dir='ltr'>VIII</span> <span class='ocrx_word' id='word_1_235' title='bbox 901 3446 925 3492; x_wconf 80' lang='lat'><strong>5.</strong></span> <span class='ocrx_word' id='word_1_236' title='bbox 957 3437 1031 3506; x_wconf 89' lang='lat' dir='ltr'><strong>quod</strong></span> <span class='ocrx_word' id='word_1_237' title='bbox 1054 3436 1196 3491; x_wconf 86' lang='lat' dir='ltr'><strong>iudicatur</strong></span> 
     </span>
     <span class='ocr_line' id='line_1_30' title="bbox 188 3504 1193 3578; baseline 0.002 -18"><span class='ocrx_word' id='word_1_238' title='bbox 188 3506 250 3560; x_wconf 81' lang='lat' dir='ltr'><strong>XIX</strong></span> <span class='ocrx_word' id='word_1_239' title='bbox 273 3512 307 3561; x_wconf 84' lang='lat'><strong>48</strong></span> <span class='ocrx_word' id='word_1_240' title='bbox 341 3507 376 3560; x_wconf 90' lang='lat' dir='ltr'><strong>de</strong></span> <span class='ocrx_word' id='word_1_241' title='bbox 405 3504 521 3558; x_wconf 88' lang='lat' dir='ltr'><strong>diversis</strong></span> <span class='ocrx_word' id='word_1_242' title='bbox 547 3506 714 3574; x_wconf 83' lang='lat' dir='ltr'><strong>harmoniis,</strong></span> <span class='ocrx_word' id='word_1_243' title='bbox 743 3508 917 3578; x_wconf 82' lang='lat' dir='ltr'><strong>desumptum</strong></span> <span class='ocrx_word' id='word_1_244' title='bbox 941 3513 984 3562; x_wconf 82' lang='lat' dir='ltr'><strong>est</strong></span> <span class='ocrx_word' id='word_1_245' title='bbox 1007 3526 1041 3562; x_wconf 87' lang='lat' dir='ltr'><strong>ex</strong></span> <span class='ocrx_word' id='word_1_246' title='bbox 1064 3525 1094 3562; x_wconf 87' lang='lat' dir='ltr'><strong>re</strong></span> <span class='ocrx_word' id='word_1_247' title='bbox 1117 3508 1193 3577; x_wconf 90' lang='lat' dir='ltr'><strong>publ.</strong></span> 
     </span>
     <span class='ocr_line' id='line_1_31' title="bbox 186 3575 1195 3703; baseline 0.005 -74"><span class='ocrx_word' id='word_1_248' title='bbox 186 3577 250 3631; x_wconf 84' lang='lat' dir='ltr'>VIII</span> <span class='ocrx_word' id='word_1_249' title='bbox 266 3576 398 3703; x_wconf 76' lang='lat' dir='ltr'><strong>&#39;1.Hquod</strong></span> <span class='ocrx_word' id='word_1_250' title='bbox 417 3575 454 3629; x_wconf 93' lang='lat' dir='ltr'><strong>ib.</strong></span> <span class='ocrx_word' id='word_1_251' title='bbox 471 3582 485 3629; x_wconf 84' lang='grc'>8</span> <span class='ocrx_word' id='word_1_252' title='bbox 505 3580 684 3646; x_wconf 86' lang='lat' dir='ltr'><strong>comparatur</strong></span> <span class='ocrx_word' id='word_1_253' title='bbox 699 3595 782 3632; x_wconf 85' lang='lat' dir='ltr'><strong>sonus</strong></span> <span class='ocrx_word' id='word_1_254' title='bbox 801 3581 893 3649; x_wconf 81' lang='lat' dir='ltr'><strong>gravis</strong></span> <span class='ocrx_word' id='word_1_255' title='bbox 913 3580 1016 3649; x_wconf 83' lang='lat' dir='ltr'><strong>angulo</strong></span> <span class='ocrx_word' id='word_1_256' title='bbox 1032 3580 1139 3648; x_wconf 88' lang='lat' dir='ltr'><strong>obtuso,</strong></span> <span class='ocrx_word' id='word_1_257' title='bbox 1160 3579 1195 3634; x_wconf 84' lang='lat' dir='ltr'><strong>cs.</strong></span> 
     </span>
     <span class='ocr_line' id='line_1_32' title="bbox 185 3649 402 3716; baseline -0.005 -14"><span class='ocrx_word' id='word_1_258' title='bbox 185 3649 280 3704; x_wconf 85' lang='lat' dir='ltr'><strong>anima</strong></span> <span class='ocrx_word' id='word_1_259' title='bbox 339 3654 363 3716; x_wconf 85' lang='lat'><strong>8,</strong></span> <span class='ocrx_word' id='word_1_260' title='bbox 379 3654 402 3702; x_wconf 83' lang='lat'><strong>8.</strong></span> 
     </span>
    </p>
   </div>
   <div class='ocr_carea' id='block_1_4' title="bbox 239 3746 982 3795">
    <p class='ocr_par' dir='ltr' id='par_1_5' title="bbox 239 3746 982 3795">
     <span class='ocr_line' id='line_1_33' title="bbox 239 3746 982 3795; baseline -0.015 -7"><span class='ocrx_word' id='word_1_261' title='bbox 239 3749 296 3789; x_wconf 65' lang='lat' dir='ltr'><strong>hias,</strong></span> <span class='ocrx_word' id='word_1_262' title='bbox 312 3750 390 3795; x_wconf 46' lang='lat' dir='ltr'><strong>sript.</strong></span> <span class='ocrx_word' id='word_1_263' title='bbox 407 3746 439 3786; x_wconf 72' lang='lat' dir='ltr'><strong>ad.</strong></span> <span class='ocrx_word' id='word_1_264' title='bbox 455 3747 513 3786; x_wconf 62' lang='lat' dir='ltr'><strong>dan.</strong></span> <span class='ocrx_word' id='word_1_265' title='bbox 966 3747 982 3793; x_wconf 68' lang='lat'>4</span> 
     </span>
    </p>
   </div>
   <div class='ocr_carea' id='block_1_5' title="bbox 0 0 1245 3870">
    <p class='ocr_par' dir='ltr' id='par_1_6' title="bbox 0 0 1245 3870">
     <span class='ocr_line' id='line_1_34' title="bbox 0 0 1245 3870; baseline 0 0"><span class='ocrx_word' id='word_1_266' title='bbox 0 0 1245 3870; x_wconf 95' lang='lat' dir='ltr'><strong> </strong></span> 
     </span>
    </p>
   </div>
  </div>
 </body>
</html>
