2466 3870
102 159 168 223 214
402 123 405 127 -
467 153 501 206 V.
522 153 565 206 De
585 117 774 208 Nicomacho¹
891 172 895 177 ·

101 319 263 385 defensam
284 335 343 399 per
365 310 607 378 Iamblichum¹.
653 314 710 398 qui
729 312 924 382 Nicomachi
945 316 1126 403 discipulus

101 427 134 489 et
163 421 269 486 cultor
290 417 495 484 fidelissimus
517 440 589 505 psg.
609 420 630 487 3
654 416 753 509 (Ten)
774 416 828 485 his
849 420 1002 489 laudibus
1023 426 1127 513 magi-

101 533 206 595 strum
228 548 343 592 ornare
364 544 432 592 non
454 524 597 591 dubitat:
620 526 640 591 ὅ
661 548 698 591 τε
721 526 785 612 γὰρ
805 524 893 613 ἀνήρ
910 528 1014 613 μέγας
1030 530 1126 599 ἐστὶν

103 635 141 701 ἐν
171 645 242 711 τοῖς
272 634 446 721 μαθήμασι
471 631 528 701 καί
554 634 789 721 καθηγεμόνας
813 634 890 719 toxa
914 632 993 721 περὶ
1019 636 1126 703 αὐτὸν

102 743 182 819 τοὺς
204 740 460 829 ἐμπειροτάτους
482 740 520 809 ἐν
540 752 613 821 τοῖς
634 741 819 829 μαθήμασι.
858 736 915 807 καί
937 740 1022 807 ἄνευ
1043 743 1124 809 τού-

102 871 170 913 των
192 846 286 926 τιίξιν
307 849 508 936 θαυμαστήν
529 846 587 917 καί
608 850 760 937 θεωρίαν
777 844 847 935 μα’
869 844 1071 927 ἀποδείξεως
1087 872 1126 916 τε

101 959 296 1041 θαυμαστῆς
317 966 386 1022 τῶν
408 955 674 1044 ἐκιστημονικῶν
696 956 811 1044 ἀρχῶν
828 954 1013 1042 ἐπιστήμην
1030 952 1126 1043 ἄκρι-

103 1065 170 1147 dac
192 1063 413 1149 παραδίδωσι,
435 1066 539 1149 λόγον
561 1061 600 1131 δὲ
621 1062 699 1153 ιτερλ
722 1064 836 1131 αὐτῶν
857 1054 925 1130 ὥστ
948 1068 1125 1141 ποιεῖσθαι

101 1167 157 1236 καὶ
184 1169 354 1256 ἀκραιφνῆ
379 1168 436 1237 τινί
463 1174 585 1257 γνήσιοι
611 1172 653 1238 τὰ
681 1173 882 1259 θεωρήματα
910 1170 1125 1257 παραδίδωσι

101 1272 205 1362 μηδὲν
232 1276 482 1363 ἐπιθολούμενοι
507 1275 564 1343 hi
591 1276 779 1365 ἀλλοτρίων
806 1274 1033 1362 δοξασμάτων.
1074 1280 1125 1346 ἔτι

101 1379 140 1449 δὲ
174 1386 325 1461 ποικίλος
360 1381 432 1449 ἐστὶ
466 1380 523 1451 καί
557 1383 728 1469 πολύχους
762 1380 963 1468 τεταγμένος
996 1404 1035 1449 τε
1066 1382 1125 1451 κοιλ

101 1487 353 1576 διηρθρωμένος
381 1487 419 1555 ἐν
440 1498 482 1575 sp
502 1498 572 1555 τῶν
594 1486 752 1574 ἀριθμῶν
774 1488 916 1574 είδήσει,
942 1490 983 1555 τό
1007 1510 1045 1555 τε
1064 1512 1124 1556 τιο-

100 1596 242 1662 dotasti»
268 1604 326 1681 τῆς
354 1595 510 1680 γνώσεως
531 1593 588 1662 καί
609 1595 649 1662 τὸ
672 1594 845 1682 εὑρετικὸν
866 1594 1010 1683 πάρεσιν
1032 1596 1124 1687 αὐτῷ

100 1701 270 1787 τιοίμιιολυ,
291 1706 360 1768 κτλ
381 1706 452 1768 κτλ.
487 1722 526 1767 ac
546 1722 666 1768 nomen
688 1700 890 1789 Nicomachi,
912 1706 952 1769 nt
973 1703 1044 1771 aius
1066 1706 1124 1791 qui

97 1830 185 1874 nnus
207 1808 329 1894 optime
346 1828 555 1874 numerorum
574 1808 717 1875 rationes
735 1809 842 1896 iniret,
860 1810 896 1875 in
912 1812 1124 1895 proverbium

101 1916 220 1981 abiisse
247 1915 392 1981 videmus
419 1914 681 2001 ePhilopatride
704 1938 730 1982 c.
752 1918 807 2002 12,
835 1917 892 2000 qui
916 1916 1065 2006 dialogus
1089 1920 1125 1985 in

102 2023 234 2088 Luciani
257 2023 350 2088 libris
375 2022 486 2088 referri
509 2023 601 2088 solet.
642 2023 729 2088 hunc
747 2027 859 2088 tantae
877 2023 982 2088 laudis
1001 2024 1123 2091 librum

102 2131 197 2196 multi
225 2131 323 2196 etiam
353 2130 499 2196 homines
527 2129 614 2194 docti
642 2130 775 2196 scholiis
803 2130 1009 2215 interpretati
1037 2138 1123 2198 sunt.

102 2243 245 2303 servatae
267 2242 343 2304 sunt
361 2239 458 2303 nobis
477 2239 629 2323 typisque
648 2260 818 2323 expressae
836 2239 1122 2323 interpretationes

103 2345 233 2412 Ioannis
256 2345 448 2431 Philoponi²
471 2350 504 2410 et
527 2344 714 2431 Soterichi³,
743 2344 799 2411 scd
822 2347 1028 2430 interpretati
1053 2370 1123 2415 csse

103 2453 253 2517 dicuntur
278 2453 375 2517 ctiam
397 2452 532 2518 Proclus
555 2452 740 2518 Procleius⁴
763 2456 796 2517 et
814 2452 991 2518 Heronas⁵.
1033 2461 1123 2521 sunt-

173 2618 186 2664 1
206 2610 356 2666 Iamblichi
376 2628 421 2665 ars
441 2610 628 2677 arithmetica,
650 2611 699 2679 qui
718 2611 792 2666 liber
805 2611 843 2666 IV
861 2611 966 2666 dicitur
980 2611 1009 2666 in
1024 2614 1123 2669 ordine

101 2681 236 2737 librorum
259 2682 523 2754 Pythagoricorum,
551 2700 608 2737 non
630 2681 798 2738 Nicomachi
826 2681 940 2755 singula
963 2684 1052 2738 verba
1076 2703 1121 2740 ex-

102 2753 203 2824 plicat,
231 2755 281 2809 sed
306 2753 383 2809 illius
407 2753 566 2808 doctrinam
588 2754 676 2809 libere
700 2754 817 2825 exponit
839 2757 869 2809 et
892 2753 1014 2809 aliorum
1038 2774 1121 2830 argu·

101 2825 203 2881 mentis
222 2825 448 2894 testimoniisque
463 2827 616 2881 confirmat.
641 2827 733 2880 edidit
746 2825 862 2881 Samuel
871 2825 1035 2895 Tennulius‚
1050 2831 1121 2883 Arn-

101 2896 211 2952 hemiae
226 2903 303 2967 1668,
323 2899 353 2953 et
368 2897 412 2952 his
427 2897 526 2952 diebus
541 2897 758 2969 Hermengildus
772 2897 893 2966 Pistelli
912 2897 1026 2968 Lipsiae
1042 2905 1121 2957 1894.

171 2975 186 3022 2
210 2968 322 3023 Ioannis
344 2967 495 3039 Philoponi
523 2967 631 3023 scholia
658 2969 688 3023 in
713 2968 880 3025 Nicomachi
909 2974 999 3025 artem
1027 2971 1117 3026 arith-

101 3039 234 3095 meticam
261 3038 353 3094 edidit
375 3038 514 3094 Ricardus
537 3039 642 3096 Hoche.
683 3040 714 3094 in
738 3040 751 3094 1
778 3040 894 3110 quidem
917 3040 1022 3096 librum
1047 3060 1121 3113 quac

101 3111 172 3167 Phil.
192 3109 247 3166 scri
267 3111 318 3180 sit,
357 3111 503 3166 rodienmt
519 3110 651 3166 Vesaliae
670 3111 701 3164 in
719 3111 872 3166 annalibus
891 3113 1034 3184 gymnasii
1053 3120 1120 3169 1864

101 3185 131 3238 et
150 3187 226 3252 1666,
245 3130 313 3237 iibri
331 3129 358 3237 ii
376 3181 485 3237 scholia
502 3181 628 3265 herolini
647 3182 725 3265 apud
743 3181 890 3239 calvarios
911 3189 988 3240 1667.

172 3262 188 3309 3
203 3253 342 3309 Soterichi
351 3253 613 3325 interpretationem
623 3253 829 3311 edrdrtHoche.
843 3255 1121 3314 Elberfeldiaelssvl.

172 3330 189 3379 4
217 3324 319 3380 Suidaa
344 3325 471 3395 Πρόκλος
497 3324 512 3380 ὁ
537 3325 695 3394 Προκλήιος
719 3370 724 3382 .
746 3371 752 3382 .
773 3369 779 3380 .
806 3325 911 3394 ἔγραψε
1005 3327 1045 3392 είς
1068 3330 1120 3398 τὴν

102 3397 270 3467 Νικομάχου
299 3396 455 3481 εἰσαγωγὴν
480 3396 534 3466 τὴν
562 3397 762 3467 ἀριθμητικήν.
806 3396 903 3453 Hoche
931 3403 1028 3454 tamen
1057 3418 1121 3455 curn

100 3468 215 3528 loannis
235 3468 344 3523 scholia
360 3472 463 3524 iterum
476 3468 649 3524 recensuisse
664 3471 755 3539 putat.
780 3468 875 3525 annal.
886 3470 950 3527 Ves.
964 3477 1034 3525 1864
1047 3491 1074 3542 p.
1086 3474 1119 3527 11.

172 3540 348 3595 5··Eutocius
373 3540 402 3594 in
425 3540 451 3594 11
469 3539 645 3595 Archimedis
671 3540 705 3594 de
730 3541 851 3610 sphaera
874 3544 912 3611 (p.
934 3548 986 3597 166
1005 3543 1119 3613 Torelli,
