2466 3870
65 297 85 338 l'.

65 373 90 436 1)

100 79 152 173 XII
389 76 436 173 ¹Do
455 117 601 173 codicibus
619 80 829 183 manuscriptis.'
912 165 914 168 Α
934 185 936 188 Ι

174 287 339 344 Ptolemaei
362 285 546 355 harmonica,

172 375 218 432 Ps.
242 372 396 431 Plutarchi
420 370 537 428 libellus
561 368 595 423 de
619 365 744 438 musica,

170 461 317 535 Porphyri
341 455 570 516 commentarius
593 454 624 509 in
648 452 722 510 Ptol.
748 452 839 509 hann.
864 455 878 510 1
901 458 998 530 1—-4,

172 547 313 606 Aristidis
337 543 515 612 Quintiliani
539 542 574 598 de
598 541 710 598 musica
733 540 814 612 libri,

171 632 321 705 Anonymi
346 649 365 687 a
387 629 595 687 Bellennanno
623 631 702 688 1841
729 629 815 703 editi,

171 719 317 776 Bacchius
341 736 441 792 senex,

171 806 297 880 Dionysi
312 824 360 865 ars
375 825 393 864 a
406 807 615 867 Bellermanno
634 808 715 866 edita
729 809 760 864 et
773 806 901 866 Bacchio
921 825 975 882 per
989 824 1115 864 errorem

216 895 381 971 vindicata,

172 983 300 1042 trimetri
324 1003 424 1043 versus
448 978 541 1065 (infra
564 1005 591 1058 p.
608 986 670 1041 284
695 977 861 1063 exscripti),

172 1073 275 1148 hymni
297 1073 351 1130 ΠΙ.

173 1161 238 1230 Qua
261 1163 360 1217 aetate
384 1159 432 1216 hic
455 1159 530 1216 liber
552 1158 701 1216 confectus
720 1159 767 1231 sit,
787 1175 844 1215 non
864 1157 937 1215 satis
955 1157 1028 1214 bene
1047 1176 1114 1216 cou-

107 1251 175 1308 stat.
222 1266 292 1305 nam
319 1248 350 1304 in
378 1247 474 1321 primo
498 1247 649 1304 involucro
674 1264 747 1320 quae
772 1246 882 1321 scripta
905 1248 991 1303 erant
1013 1246 1048 1303 de
1071 1247 1114 1304 in-

106 1335 285 1395 dictionibus
316 1334 405 1410 plane
438 1336 633 1409 evanuerunt,
665 1353 718 1392 nec
749 1333 876 1393 clariora
905 1335 1008 1394 dicunt
1039 1354 1115 1410 quae

105 1425 223 1482 exstant
249 1423 281 1480 in
308 1423 359 1481 fol.
381 1425 397 1481 1
428 1426 497 1500 post
524 1422 645 1481 titulum
672 1423 836 1482 Ptolemaei
864 1469 919 1480 ...
944 1422 1115 1499 οἰκονομίας

104 1529 142 1584 νς
160 1506 171 1589 ΙΙ
190 1510 293 1571 ιὀυνίω
317 1558 322 1569 .
343 1556 350 1570 .
372 1556 379 1570 .
404 1535 418 1584 ς
442 1557 448 1570 .
469 1556 502 1570 ..
529 1511 615 1591 γύρες
643 1512 667 1584 ξ.
694 1512 801 1570 certius
833 1512 953 1585 scimus,
991 1530 1116 1586 quorum

105 1601 155 1658 ille
179 1600 332 1658 hominum
355 1601 453 1658 fuerit.
497 1619 566 1658 nam
589 1621 624 1657 ex
646 1601 752 1658 ultimo
776 1600 857 1675 folio,
881 1599 960 1674 quod
983 1601 1116 1658 continet

105 1689 190 1747 haee:
217 1693 257 1770 τῷ
280 1687 479 1770 εὐλαβεστάτῳ
501 1685 551 1746 καὶ
576 1688 779 1770 πανεερωτάτῳ
802 1685 851 1746 καὶ
874 1684 960 1764 ἡμῶν
982 1685 1113 1771 αὐθέντῃ

107 1770 163 1856 (=
183 1770 305 1856 effendi)
332 1773 383 1834 ccl
410 1773 497 1854 πατρὶ
525 1775 618 1858 κυρίῳ
648 1780 775 1855 σεραφῖμ
806 1775 975 1854 Φαναρίου,
1007 1775 1115 1834 Sathas

106 1864 273 1922 enucleavit
313 1864 403 1922 fuisse
444 1863 573 1923 codicem
615 1865 762 1939 quondam
799 1865 928 1939 episcopi
963 1865 1115 1923 cuiusdam

106 1953 322 2011 Thessalorum.
359 1953 391 2010 in
410 1952 500 2011 ltalia
518 1954 614 2028 primo
633 1954 721 2011 fuisse
740 1953 858 2012 uidetur
875 1953 1015 2011 Mantuae
1036 1954 1115 2029 apud

105 2041 292 2099 Victorinum
326 2041 515 2099 Feltrensem.
570 2042 742 2100 Ambrosius
781 2043 857 2099 enim
891 2037 1116 2100 Iraversarius¹

106 2123 376 2188 Gamaldulensium
400 2130 610 2187 monachorum
633 2131 776 2205 princepe,
800 2149 864 2188 cum
884 2133 1011 2189 a.1433
1031 2131 1114 2189 Basi-

106 2218 183 2275 leam
220 2217 258 2275 ad
291 2218 446 2276 concilium
484 2218 655 2276 clericorum
688 2237 716 2276 se
750 2219 907 2292 conferret,
944 2219 1051 2277 vidisse
1085 2239 1113 2277 se

105 2309 209 2364 narrat
236 2306 289 2381 „de
317 2306 430 2365 musica
457 2306 609 2364 volumina
637 2306 751 2365 Claudii
780 2307 942 2365 Ptolemaei
970 2310 1001 2365 et
1024 2308 1114 2376 Quin-

106 2395 205 2452 tiliani
228 2395 381 2454 cuiusdam
404 2395 476 2452 bene
500 2396 617 2468 eruditi,
640 2400 674 2452 ut
696 2416 731 2453 er
754 2396 832 2471 stylo
856 2396 1061 2470 animadverti,
1085 2401 1116 2453 et

105 2483 227 2541 Bacchii
251 2483 335 2541 Senis
364 2484 395 2540 in
418 2484 520 2542 eodem
544 2483 717 2541 volumine“.
754 2485 826 2542 haec
849 2485 939 2542 verba
957 2485 1113 2542 Mittarelli

106 2571 171 2629 loco
190 2571 225 2628 de
245 2591 304 2646 quo
327 2575 433 2647 postea
450 2572 604 2630 dicendum
624 2574 681 2629 erit
698 2573 815 2629 rettulit
833 2573 870 2630 ad
890 2593 955 2630 eum
976 2574 1114 2646 codicem,

107 2659 157 2734 qui
180 2678 258 2717 nuuc
280 2659 424 2718 Venetiae
448 2664 594 2735 servatur,
623 2661 699 2718 etsi
723 2680 781 2718 nou
804 2680 857 2736 pro
881 2665 961 2719 certo
985 2663 1114 2735 habebis,

105 2747 258 2823 probabile
287 2749 405 2824 quidem
434 2767 494 2807 esse
524 2751 670 2807 concedes.
716 2750 766 2807 sed
794 2753 952 2825 antequam
981 2751 1018 2807 ad
1049 2769 1113 2807 eam

106 2837 317 2896 bibliothecam
336 2838 498 2912 veniamus,
516 2838 547 2894 in
567 2857 625 2913 qua
639 2838 794 2896 Mittarelli
813 2840 890 2896 hunc
908 2839 1015 2896 librum
1030 2839 1114 2911 vidit,

107 2925 167 3005 alia
190 2925 314 2984 dicenda
337 2928 407 2983 sunt
429 2945 521 3001 eaque
545 2927 715 2985 certissima.
751 2928 926 3002 inscriptum
945 2927 1023 2983 enim
1042 2927 1114 3003 legi-

106 3014 208 3071 turin
231 3013 337 3071 ultimo
361 3014 434 3072 folio
457 3033 555 3072 verso:
583 3016 631 3089 „in
653 3015 709 3073 hoc
731 3016 829 3073 codice
853 3015 1042 3072 continentur
1064 3015 1114 3072 isti

106 3101 175 3159 libri
199 3103 249 3178 qni
273 3105 343 3160 sunt
360 3102 543 3161 Francisci
563 3102 713 3160 Barbari
736 3104 884 3178 quondam
908 3104 1020 3161 domini
1040 3102 1114 3161 Can·

136 3393 142 3404 ·
179 3329 192 3375 1
212 3321 360 3404 Epistolae
376 3323 441 3376 VIII
461 3330 507 3391 50,
525 3342 552 3393 p.
569 3330 627 3404 419.
646 3395 651 3405 .
667 3323 699 3405 in
722 3323 780 3405 alia
803 3325 924 3394 epistula
943 3329 998 3406 (51)
1017 3325 1114 3405 scribit

106 3393 224 3448 Nicolae
246 3392 407 3447 obtinuisse
432 3411 473 3462 se,
501 3398 534 3448 ut
556 3393 745 3459 Qurntrhanus
768 3395 818 3450 ille
841 3399 869 3450 et
891 3395 1029 3450 Bacchius
1055 3412 1113 3450 erus

106 3463 244 3533 (Nicolae)
263 3463 376 3518 nomine
394 3466 667 3521 transscriberentur.
700 3466 748 3535 (ib.
764 3469 835 3535 419.)
