2466 3870
414 1093 468 1168 Dc
496 1093 712 1168 Aristotelia
739 1094 992 1188 problematis

268 1247 393 1314 Horum
426 1249 664 1334 problematum
696 1253 845 1314 naturam
876 1254 1050 1335 postquam
1082 1251 1215 1317 Prautl¹

200 1353 303 1420 Roae'
339 1353 481 1422 Usener³
527 1355 699 1442 diligenter
744 1357 1016 1442 pervestigarunt,
1057 1358 1098 1422 ab
1143 1360 1213 1442 ipso

201 1462 377 1528 Aristotele
395 1484 431 1527 ea
449 1463 570 1546 scripta
589 1483 659 1527 esse
677 1484 771 1526 nemo
791 1466 871 1546 puto
892 1463 1072 1528 contendet.
1105 1487 1214 1549 quam·

201 1591 296 1654 quam
323 1569 408 1633 enim
431 1567 625 1633 Aristoteles
652 1569 855 1653 problemata
882 1591 939 1633 auu
967 1569 1102 1653 physica
1125 1572 1214 1656 citat,

200 1675 395 1760 laudantque
413 1673 525 1740 Cicero
545 1674 668 1740 Gellius
682 1675 875 1740 Plutarchus
891 1674 1086 1762 Athenaeus,
1105 1680 1215 1742 tamen

202 1804 272 1847 cum
295 1782 439 1847 locorum
464 1781 593 1846 illorum
616 1782 671 1846 vix
695 1781 826 1846 dimidia
849 1804 923 1866 pars
947 1783 981 1846 in
1004 1782 1065 1848 hac
1087 1783 1213 1868 proble

200 1893 322 1953 matum
349 1888 476 1975 sylloge
503 1889 699 1972 inveniatur,
726 1889 821 1953 nobis
844 1911 910 1953 non
932 1911 969 1953 ea
992 1894 1120 1954 servata
1144 1912 1212 1955 esse

201 2016 281 2078 qnae
312 1994 360 2060 illi
392 1997 495 2060 citant
527 1994 698 2059 manifesto
729 1999 870 2079 apparet.
921 2016 980 2059 nos
1008 2017 1081 2060 cum
1109 1998 1213 2061 multa

200 2100 343 2188 legamus
366 2124 447 2186 quae
469 2105 615 2189 pugnent
638 2103 724 2166 inter
746 2123 781 2166 sc
804 2106 836 2165 ct
859 2101 1081 2187 abhorreant⁴‚
1109 2105 1211 2168 multa

200 2211 295 2272 etiam
323 2208 487 2273 videamus
515 2231 532 2273 e
555 2208 770 2292 Theophrasti
798 2209 927 2292 scriptia
955 2210 1136 2274 minoribns
1161 2232 1212 2274 ex·

201 2313 334 2400 carpta⁶‚
367 2314 515 2380 dubitare
541 2338 608 2380 non
634 2337 807 2399 possumus
836 2316 914 2399 quin
941 2314 1058 2380 horum
1085 2315 1211 2400 proble-

200 2427 321 2486 matum
353 2423 456 2486 maior
484 2444 559 2506 para
587 2423 764 2487 recentiore
792 2421 899 2505 aliqua
925 2425 1030 2486 aetate
1058 2427 1130 2487 orta
1158 2424 1210 2487 sit.

271 2621 285 2667 l
302 2615 378 2669 Haec
392 2614 429 2669 ab
438 2613 590 2670 Aristotele
605 2614 711 2684 scripta
719 2614 777 2669 iam
786 2613 1195 2685 negavitchr.Stephanus

199 2686 244 2767 Ar.
269 2688 298 2740 et
315 2684 502 2757 Theophrasti
526 2684 631 2810 scripta
654 2685 796 2768 quaedam
814 2688 907 2767 (155‘1)⁴
929 2685 1016 2767 praet
1036 2717 1071 2726 -
1089 2659 1209 2768 lffrantl

199 2773 227 2810 in
250 2755 477 2827 Abhandlungen
504 2756 555 2811 der
601 2757 747 2825 aynschcn
771 2756 939 2825 Akademu
966 2755 1037 2826 phn.
1062 2756 1131 2826 phil.
1154 2756 1208 2825 nl,

198 2826 235 2881 VI
251 2833 264 2881 1
284 2830 560 2952 (κω-13622341.

269 2904 285 2951 2
303 2899 389 2953 Rose
408 2899 443 2953 de
487 2917 508 2954 r.
523 2898 659 2954 librorum
673 2899 769 2953 ordine
785 2901 813 2952 et
827 2898 995 2953 auctoritate
1010 2897 1111 2966 (Berol.
1128 2903 1207 2969 1854)

200 2973 241 3024 6³.
259 2974 320 3025 241
353 2969 429 3024 idem
446 2971 493 3051 Ar:
513 2969 774 3052 pseudepigraphua
794 2977 808 3023 7
829 2969 913 3039 (Lips.
931 2974 1010 3038 1863)
1029 2969 1208 3094 problemata

198 3043 278 3109 ponit
303 3059 334 3095 nr
360 3040 451 3096 classe
473 3040 621 3110 hbmrnm,
650 3059 699 3109 qur
725 3042 887 3095 contineant
909 3057 1032 3095 memora
1053 3040 1105 3094 rha
1128 3058 1208 3096 varia

198 3115 227 3165 ct
254 3110 313 3166 sinc
336 3112 433 3168 ordine
456 3129 490 3167 ex
514 3111 600 3166 variis
625 3111 745 3165 aliorum
768 3111 831 3165 Peri
852 3112 1017 3166 ateticorum
1041 3110 1121 3165 libris
1143 3129 1206 3167 con·

199 3181 310 3284 scripta.
339 3182 373 3238 cl.
387 3201 416 3252 p.
426 3189 478 3237 216
497 3183 561 3237 vide
580 3183 667 3238 etiam
686 3183 798 3238 Zeller
812 3131 991 3252 Philosophia
1006 3183 1056 3236 der
1070 3183 1207 3239 Griechen

198 3252 419 3394 11²illidimur,
438 3324 593 3380 Alexandri
611 3323 839 3395 Aphrodisiensis
858 3341 929 3392 quae
948 3325 1076 3378 feruntur
1094 3325 1206 3395 proble-

197 3397 335 3450 matornm
358 3395 431 3452 liber
448 3397 488 3450 111
506 3400 535 3451 et
552 3395 599 3451 IV.
637 3395 753 3450 annales
860 3395 913 3449 caii
931 3395 1095 3450 Ioachimici
1114 3398 1204 3453 Berol.

198 3472 274 3521 1859.
312 3484 330 3521 a
347 3468 500 3537 Byzantino
524 3468 619 3537 aliquo
645 3467 691 3522 hic
715 3466 784 3537 prob
797 3471 891 3521 emata
913 3466 963 3520 illa
985 3468 1112 3522 confecta
1136 3469 1206 3523 dicit

196 3554 223 3606 p·
242 3538 374 3664 Xllllide
392 3626 465 3680 quac
484 3610 619 3666 annotavi
638 3610 676 3663 ad
695 3609 733 3664 xl
754 3614 864 3663 13-18.
894 3608 958 3662 XIX
971 3614 996 3662 2.
1012 3614 1035 3662 5.
1053 3614 1067 3662 7
1087 3609 1124 3663 al.

267 3687 283 3734 t
302 3680 399 3736 Prantl
416 3680 435 3736 1.
454 3681 472 3737 l
492 3688 552 3737 872.
589 3681 705 3736 Richter
724 3682 829 3750 (annot.
847 3684 872 3750 6)
891 3680 956 3735 inde
975 3696 993 3733 a
1011 3698 1038 3749 p.
1054 3684 1070 3733 8
1089 3681 1203 3751 passim.
