2466 3870
103 112 239 168 LXVI'
349 88 356 114 ⁵
372 80 377 105 λ’
393 112 435 166 1)ο
453 89 818 197 codicibus-manuscriptis.
1062 81 1095 90 ..

65 275 86 340 3)
100 280 237 338 habuisse
263 278 380 335 videtur
406 273 479 350 ἀπὸ,
506 292 582 333 nunc
609 297 628 332 ο
655 293 770 332 erasum
800 280 831 333 et
852 279 1001 335 mutatum
1023 278 1055 335 in
1079 298 1109 350 c,

101 369 132 425 in
159 368 183 424 P
211 369 256 423 est
282 362 347 422 ἀπό.
397 362 525 421 concinit
552 359 601 418 καὶ
629 359 736 431 ἰάστιος
759 366 887 421 καλεῖται
910 356 953 423 ὧν
975 360 992 424 ὃ
1015 363 1107 444 βαρύ-

101 476 182 532 τερος
209 470 300 526 pravo
328 451 392 507 loco
420 449 549 523 positum
575 450 650 520 204,
670 460 693 505 5.
740 449 817 505 idem
846 455 892 506 est
914 471 1015 510 eorum
1038 471 1108 511 con-

102 557 202 600 sensus
230 537 307 610 apud
332 535 483 594 Euclidem
511 539 542 593 et
567 535 597 592 in
624 535 873 611 diagrammatum
897 540 927 594 et
950 539 980 595 in
1003 540 1107 598 verbo-

101 647 164 685 rum
185 625 293 682 formis.
318 624 352 681 cf.
372 619 440 682 οὐδὲ
454 643 481 697 p.
500 626 601 697 llas
620 621 798 702 repotisset,
817 624 1048 683 πολλαπλασίονι
1064 638 1105 701 12,

100 721 203 790 κρᾶσιν
230 715 292 769 τοῖν
312 723 351 770 19.
403 715 510 769 natura
538 712 629 790 igitur
656 717 687 770 et
714 712 827 789 origine
856 711 1028 770 coniunctos
1050 713 1106 770 hos

102 819 162 858 esse
186 799 288 874 clucet
312 802 342 857 et
363 800 413 860 ubi
432 801 582 860 nonnullis
601 802 672 860 locis
693 801 720 859 N
739 804 903 860 correctum
922 818 993 874 esse,
1017 800 1040 857 P
1059 819 1107 857 res

101 891 245 952 correctas
268 889 409 964 recepisse
433 890 502 964 vidi,
525 891 548 948 P
572 911 606 949 ex
629 891 657 948 N
681 909 742 949 esse
761 889 988 964 transscriptum
1007 889 1107 947 existi-

102 977 224 1034 mabam.
271 997 336 1036 cum
364 998 433 1037 vero
463 979 564 1037 littera
586 997 604 1052 η
628 979 739 1056 figurae
764 981 797 1038 6Ι
819 979 851 1035 in
875 979 903 1036 N
926 978 1035 1037 omissa
1058 977 1106 1035 hic

101 1069 196 1123 exstet
221 1067 350 1142 itemque
373 1085 392 1137 γ
416 1088 431 1125 e
454 1067 501 1144 fig.
523 1070 555 1141 8,
583 1086 707 1142 cumque
734 1067 881 1125 linearum
903 1067 1107 1143 longitudines

102 1155 188 1212 huius
210 1154 257 1231 fig.
275 1158 293 1215 8
317 1156 348 1212 in
367 1156 390 1213 P
409 1155 581 1232 diligentius
599 1173 751 1229 expressae
770 1155 839 1228 sint,
859 1158 890 1211 et
908 1155 1003 1212 omnis
1021 1154 1069 1231 fig.
1087 1157 1104 1212 9

100 1244 131 1299 in
154 1243 178 1300 P
202 1243 287 1317 adsit,
310 1243 340 1300 in
363 1243 390 1300 N
414 1243 602 1316 desideretur,
626 1263 660 1300 ex
683 1243 785 1302 eodem
809 1243 970 1317 archetypo
993 1245 1107 1300 utrum-

102 1351 157 1406 que
181 1331 357 1405 exscriptum
379 1348 441 1388 esse
464 1331 563 1406 potius
587 1335 757 1388 statuemus.
803 1329 919 1388 accedit
941 1330 1020 1404 quod
1043 1330 1105 1386 dia-

101 1421 299 1495 grammatum
320 1418 378 1477 loci
401 1419 432 1476 in
449 1419 474 1476 P
497 1418 601 1476 melius
624 1418 772 1477 observati
795 1421 866 1475 sunt
888 1435 977 1491 quam
1000 1417 1031 1474 in
1050 1410 1107 1489 N¹,

102 1507 299 1581 acceduntque
332 1509 468 1565 accentus
499 1506 634 1564 vocabuli
663 1503 789 1563 ὑπάτων.
840 1522 910 1561 nam
938 1523 1005 1561 cum
1035 1507 1107 1577 184,

102 1606 142 1653 rc.
164 1607 194 1653 11
224 1597 254 1652 et
278 1597 353 1669 186,
370 1606 400 1652 ιο
428 1595 457 1651 Ν
482 1593 593 1651 habeat
619 1591 752 1668 ὑπατῶν,
780 1592 803 1649 P
826 1590 962 1669 ὑπάτων,
990 1592 1106 1650 librarii

101 1686 199 1740 autem
227 1682 251 1739 si
280 1699 332 1739 sua
359 1684 462 1756 sponte
490 1681 647 1738 mutabant
668 1681 816 1755 praeferre
842 1679 923 1738 soliti
947 1681 1008 1738 sint
1030 1682 1107 1755 peri·

101 1788 273 1844 spomenon‚
309 1768 333 1825 P
365 1786 439 1842 qnae
471 1769 501 1825 in
537 1770 696 1844 archetypo
729 1769 908 1826 exstiterunt
938 1770 1106 1828 accuratius

101 1858 218 1915 videtur
253 1857 386 1913 imitatus
418 1874 487 1914 esse.
544 1857 621 1932 qnod
654 1861 753 1915 antem
784 1856 978 1931 Neapolitani
1011 1858 1108 1916 altera

101 1937 222 2003 mamrs²
244 1944 391 2002 interdum
419 1963 484 2002 cum
511 1945 535 2002 P
563 1946 723 2020 conspiret,
750 1945 781 2002 id
814 1967 829 2003 e
858 1946 954 2003 causis
982 1945 1106 2003 diversis

101 2034 193 2107 repeti
222 2051 306 2108 posse
333 2052 386 2091 nec
413 2034 484 2091 certi
513 2035 674 2109 quidquam
697 2035 752 2091 hac
775 2053 806 2090 re
835 2034 943 2107 evinci,
972 2034 1038 2108 quis
1062 2037 1108 2092 est

102 2122 151 2196 qui
179 2140 237 2178 non
265 2118 385 2178 videat?
430 2123 577 2179 contrario
607 2125 704 2179 autem
733 2122 820 2178 modo
848 2122 876 2179 N
906 2142 940 2178 ex
963 2122 986 2178 P
1010 2124 1106 2178 trans-

101 2210 242 2285 scriptum
265 2213 393 2267 statuere
417 2229 500 2267 nemo
525 2213 630 2285 potest,
655 2210 726 2285 quin
748 2210 869 2267 huncP
892 2211 1053 2267 removerit
1075 2211 1106 2266 in

101 2317 173 2357 saec.
197 2297 259 2356 XV.
301 2298 430 2373 possitne
452 2299 508 2356 hoc
531 2299 658 2372 admitti,
682 2298 835 2356 decernere
854 2298 941 2355 hodie
961 2318 1020 2356 non
1040 2317 1106 2373 pos-

101 2405 174 2460 sum,
200 2386 353 2462 inquirant
379 2387 438 2444 alii.
485 2387 529 2444 sin
558 2392 656 2445 autem
680 2386 704 2443 P
730 2386 914 2445 existimetur
933 2406 994 2444 esse
1018 2388 1107 2445 huius

101 2475 231 2533 familiae
254 2474 397 2550 princeps,
420 2494 477 2532 non
502 2476 628 2550 amplius
651 2476 806 2549 miremur,
830 2494 881 2533 cur
904 2476 934 2532 in
957 2475 1050 2550 Neap.
1077 2479 1108 2533 et

101 2563 187 2621 Barb.
207 2563 326 2622 canonis
345 2581 460 2637 quoque
479 2564 569 2621 sectio
590 2563 722 2621 Cleonidi
741 2563 903 2637 tribuatur3
927 2568 1009 2620 earet
1027 2564 1105 2621 enim

101 2653 173 2710 haec
199 2651 230 2708 in
258 2650 281 2707 P
304 2651 383 2707 omni
408 2651 503 2708 titulo.
551 2653 645 2709 exitus
669 2652 788 2726 quidem
811 2651 903 2709 libelli
928 2672 1005 2709 nunc
1028 2653 1058 2709 in
1083 2653 1106 2708 P

101 2759 159 2798 non
192 2741 300 2813 exstat3
332 2739 402 2796 olim
435 2743 534 2797 tamen
562 2741 690 2798 adfuisse
718 2743 812 2797 artem
839 2741 1008 2798 universam
1039 2760 1106 2798 con-

101 2828 220 2887 cluseris
248 2831 278 2885 et
305 2848 320 2885 e
343 2827 440 2886 verbis
462 2825 510 2886 καὶ
534 2826 606 2906 ἔστι,
634 2848 709 2904 qnae
734 2829 818 2903 quasi
842 2829 978 2886 custodes
1003 2848 1104 2886 eorum

173 3037 186 3082 1
206 3028 239 3082 Fi
260 3035 310 3083 .10
328 3031 471 3100 adscripta
485 3033 528 3084 est
542 3030 578 3084 ad
593 3034 692 3101 proto
707 3030 736 3083 in
747 3030 780 3098 N,
800 3031 838 3083 ad
852 3036 868 3083 8
883 3030 952 3097 inP,
966 3062 1001 3069 -
1016 3030 1062 3099 fig.
1075 3036 1106 3082 15

101 3098 221 3153 adtin
270 3100 954 3169 ‚edcinP‚-1redrinN,adeinP.

171 3176 187 3223 2
206 3170 376 3239 Pag.151,a
394 3172 420 3224 N
439 3172 590 3242 scripserat
606 3171 810 3233 πολλαπλάσιός
830 3191 915 3241 φημι,
934 3173 1034 3253 postea
1052 3171 1106 3225 boc

101 3242 215 3296 verbum
234 3239 355 3295 deletum
373 3245 423 3311 eet,
442 3242 472 3296 in
491 3242 727 3297 demonstratione
746 3241 1106 3310 Vl¹lN¹add1tlittera1n

100 3313 134 3380 Κ,
153 3311 218 3366 dein
236 3308 297 3365 luel
315 3328 382 3368 corr.
401 3330 450 3383 pro
470 3310 528 3381 ἐπὶ,
553 3320 654 3380 155,1ι
675 3312 756 3365 addit
774 3313 829 3382 ἄρα
849 3309 923 3367 ἐστὶν
942 3313 956 3366 ὀ
977 3332 994 3366 α
1012 3322 1061 3366 τοῦ
1081 3332 1106 3380 γ,

102 3388 187 3507 ἑὸἷᾶο
205 3382 293 3506 inpert
309 3392 358 3437 τοῦ
377 3384 408 3439 δὲ
426 3402 456 3452 γ,
475 3384 505 3437 in
524 3400 652 3438 sonorum
671 3383 776 3437 tabulis
798 3391 883 3453 185‚s
903 3382 1015 3454 supplet
1034 3400 1106 3452 quac

121 3470 136 3508 e
168 3470 255 3509 erun.
