2466 3870
248 831 407 914 Scriptum
441 853 508 896 esse
541 832 636 895 huius
667 831 770 896 libelli
798 835 921 916 partem
949 833 1122 899 maximam
1151 834 1191 898 ab

183 939 249 1020 ipso
273 939 575 1003 mathematicorum
598 938 743 1022 principe
765 938 934 1003 manifesto
958 944 1100 1022 apparet.
1140 963 1193 1006 ne

182 1065 241 1127 que
277 1046 361 1109 enim
401 1045 571 1110 mediocris
607 1046 729 1132 ingenii
766 1049 815 1109 est
851 1045 976 1132 ingredi
1008 1047 1092 1111 viam
1124 1051 1192 1112 tum

180 1150 321 1237 longam,
358 1173 422 1235 qua
457 1152 605 1216 undecim
642 1151 826 1237 protasibus
862 1152 1088 1218 demonstratis
1124 1175 1194 1238 per·

182 1259 325 1322 veniatur
357 1257 487 1323 tandem
519 1258 560 1323 ad
586 1258 620 1323 id
647 1258 734 1344 quod
760 1258 961 1343 probandum
989 1264 1102 1324 auctor
1129 1261 1192 1325 sibi

180 1364 360 1448 proposuit,
401 1364 524 1429 scilicet
565 1365 718 1449 diapason
755 1365 996 1430 consonantiam
1033 1367 1191 1431 contineri

180 1471 302 1535 ratione
325 1469 445 1554 duplici
465 1468 530 1557 (Ἄ)
550 1475 582 1535 et
601 1493 669 1536 esse
688 1472 897 1556 compositam
917 1493 934 1536 e
953 1471 1077 1536 duabus
1096 1474 1192 1537 ratio·

179 1576 273 1641 nibus
296 1574 330 1663 Ἀ
354 1581 388 1641 et
409 1575 454 1662 Ἃ.
500 1577 584 1642 idem
606 1578 753 1661 profecto
776 1582 825 1643 est
847 1600 947 1664 genus
971 1580 1133 1666 cogitandi
1157 1581 1191 1644 in

180 1681 237 1748 hac
259 1684 392 1748 canonis
414 1684 530 1749 musici
552 1684 663 1749 libello
687 1689 719 1750 et
742 1686 777 1750 in
798 1687 993 1773 geometriae
1016 1685 1190 1751 elementis.

179 1790 284 1855 eadem
312 1812 445 1875 prorsus
472 1795 521 1855 est
548 1791 646 1856 dictio
675 1795 707 1856 et
735 1792 980 1875 demonstratio,
1008 1814 1072 1876 qua
1100 1813 1190 1857 orsus

179 1896 217 1961 ab
244 1901 327 1964 ἔστω
356 1902 388 1962 et
415 1898 607 1964 ὑποκείσθω
635 1903 748 1964 auctor
775 1880 919 1984 procedit
945 1921 1004 1983 per
1031 1902 1119 1982 φημί
1138 1900 1190 1981 δή,

179 2025 234 2086 per
259 2003 278 2070 ὁ
302 2027 336 2087 α,
358 2002 376 2068 ὁ
400 2007 423 2085 β
450 2002 579 2090 (nempe
607 2004 778 2093 ἀριθμός),
800 2011 838 2070 ut
865 2008 1031 2090 perveniat
1058 2005 1098 2068 ad
1126 2007 1189 2087 ἄρα

179 2110 255 2173 illud
274 2110 488 2175 conclusionis
507 2114 540 2174 et
559 2112 637 2196 ὅπερ
658 2113 725 2177 ἔδει
746 2111 858 2189 δεῖξαι.
893 2113 955 2176 hoc
974 2114 1070 2176 etiam
1086 2110 1189 2175 similo

179 2216 300 2281 duobus
323 2217 415 2280 libris
436 2217 613 2301 intercedit,
637 2218 723 2302 quod
743 2219 813 2302 pari
832 2219 926 2282 modo
945 2219 1102 2303 protaseis
1122 2218 1189 2301 qui-

178 2323 236 2388 bus
268 2345 318 2388 res
350 2323 437 2406 ipsae
466 2323 680 2387 ostenduntur
705 2325 879 2388 miscentur
906 2324 1189 2408 postulationibus,

178 2434 213 2494 ut
239 2430 301 2494 hoc
328 2429 380 2493 vel
407 2429 486 2493 illud
515 2430 689 2514 discipulus
718 2430 827 2515 faciat3
855 2453 928 2494 num
957 2436 995 2493 ut
1022 2433 1056 2494 in
1083 2432 1188 2515 primo

178 2537 370 2624 geometriae
403 2536 601 2601 theoremate
633 2538 789 2622 discipulo
821 2539 1010 2623 imperatur,
1047 2541 1084 2601 ut
1116 2538 1190 2601 duta

178 2643 282 2728 aliqua
313 2643 399 2707 linea
431 2644 576 2730 designet
609 2645 805 2731 triangulum
839 2666 1012 2729 aequorum
1042 2644 1188 2726 laterum,

178 2751 222 2815 ita
246 2751 308 2815 hoc
331 2751 366 2814 in
388 2750 498 2815 libello
524 2751 672 2815 iubemur
693 2751 839 2815 lichanos
862 2751 980 2815 aliosve
1004 2772 1100 2815 sonos
1122 2773 1188 2815 mo-

177 2856 255 2922 biles
274 2858 470 2921 constituere
490 2880 506 2921 e
525 2859 612 2922 sonis
632 2859 890 2944 consonantibus,
909 2858 959 2922 vel
976 2859 1081 2942 ipsum
1097 2879 1188 2922 cano·

176 2986 247 3030 nem
266 2964 406 3029 dividere
426 2963 523 3049 (prot.
545 2967 584 3030 17
605 2969 637 3028 et
658 2964 723 3053 19).
756 2969 788 3029 et
806 2967 832 3030 si
852 2966 923 3050 quis
942 2964 1026 3029 forte
1044 2966 1188 3048 miretur,

177 3072 261 3154 quod
284 3072 318 3135 in
342 3071 402 3135 hac
426 3071 697 3136 demonstratione
720 3094 779 3157 pro
802 3094 1008 3136 numerorum
1027 3072 1079 3136 vel
1097 3093 1188 3136 sono-

177 3200 247 3243 rum
275 3178 456 3243 rationibus
481 3182 643 3261 ponantur
665 3178 767 3243 lineae
791 3184 823 3243 et
845 3179 1076 3265 longitudines,
1104 3179 1131 3242 is
1156 3180 1187 3242 in

175 3285 322 3349 universa
345 3290 412 3349 arte
432 3285 584 3371 Euclidis,
609 3287 642 3349 in
659 3285 689 3347 V
711 3287 897 3370 praesertim
921 3291 953 3349 et
968 3284 1030 3350 VII
1055 3285 1188 3348 elemen-

176 3395 281 3457 torum
308 3391 393 3457 libro
422 3393 484 3457 hoc
512 3393 633 3457 videbit
657 3394 836 3477 repetitum.
883 3415 919 3457 ac
942 3395 969 3458 si
994 3394 1072 3478 quid
1095 3397 1188 3456 antea

940 3499 975 3553 g*
