2466 3870
477 349 607 453 (se-rep
624 381 698 438 rior.
718 410 753 424 -
770 361 917 456 nmis
1053 337 1182 459 xxxin

218 538 783 626 -Flcr.Riccudianus41(K112).
811 547 902 603 chart.
919 546 946 604 S.
962 548 1038 605 XVI.
1070 547 1188 607 exhibet
1200 556 1229 601 ι.

174 631 377 709 Theophrasti
405 638 604 707 characteres,
632 632 731 691 Probl.
754 632 875 706 rhetor,
899 632 1040 691 Planudis
1062 655 1188 710 carmen,
1201 644 1227 711 (3

172 719 241 779 dein
269 723 416 801 quidquid
443 723 579 783 continet
604 720 699 797 Neap.
718 720 765 778 III
785 719 807 779 0
828 723 846 778 2
874 721 912 779 ab
939 721 1118 797 Hippocrate
1146 724 1185 782 ad

173 809 324 871 Barlaami
353 812 524 889 logisticam
552 811 688 885 sequitur
709 807 786 884 AQ„
816 811 964 886 Anonymi
991 803 1051 890 (uc.
1079 810 1184 868 Aristi-

172 891 247 980 des),
269 899 439 959 Heraclidis
461 898 493 956 P.
518 899 689 977 allegoriae.
737 899 842 958 titulos
862 918 923 958 una
945 919 1011 959 oum
1032 898 1184 958 initiorum

174 989 281 1047 litteris
310 1006 328 1044 a
354 987 450 1060 primo
474 987 597 1046 librario
622 988 747 1046 omissos
770 988 915 1061 posterior
936 1006 1040 1046 manus
1062 988 1184 1061 addidit.

174 1078 204 1135 in
225 1075 323 1133 media
347 1077 442 1150 parte,
466 1094 557 1151 quam
580 1094 615 1132 ex
639 1075 739 1133 codice
762 1075 854 1149 Noap.
870 1074 985 1132 1Πο2
1009 1075 1185 1151 descriptam

175 1167 256 1238 puto,
274 1165 375 1221 exstat
392 1182 462 1239 pars
476 1163 607 1222 Theonis
626 1162 657 1221 in
676 1162 832 1221 Platonem
851 1163 1049 1238 expositionis.
1082 1165 1187 1238 incipit

175 1270 193 1313 a
215 1251 311 1327 primo
335 1253 434 1328 capite
454 1252 534 1328 quod
553 1255 599 1309 est
617 1251 653 1310 de
673 1252 786 1310 musica
804 1244 846 1332 (p.
862 1254 913 1326 46,
927 1261 961 1311 20
975 1244 1018 1331 H)
1037 1255 1068 1309 et
1085 1251 1186 1309 finitur

176 1358 234 1399 roc
248 1339 418 1416 πνεύματος
432 1341 464 1400 in
478 1358 501 1399 c.
515 1341 555 1399 12
567 1332 609 1420 (p.
622 1341 674 1414 57,
684 1333 723 1421 s).
750 1343 906 1399 transeunt
923 1342 1021 1397 autem
1036 1359 1070 1397 ex
1084 1341 1186 1398 eadem

178 1427 305 1488 Theonis
324 1431 409 1503 parte
429 1429 467 1487 ad
482 1427 769 1487 Pseudo-Euclidem
786 1428 928 1504 inscripto
943 1428 1058 1486 nomine
1073 1427 1186 1504 Pappi

45 1482 48 1486 ’
85 1529 88 1535 ·
177 1516 289 1575 auses
309 1535 384 1592 quos
402 1517 557 1576 numeravi
579 1519 629 1575 12.
649 1518 700 1575 lo.
723 1519 771 1575 rc.
794 1518 863 1575 118.
885 1518 1043 1591 159.173,
1062 1535 1186 1592 quorum

179 1605 242 1668 ride
264 1605 343 1665 sitne
361 1609 448 1681 pater
469 1605 530 1664 151
552 1623 591 1663 an
613 1606 685 1664 187.
723 1606 850 1664 excussit
867 1625 902 1663 ex
920 1605 975 1664 hoc
993 1605 1186 1664 Herweerden

178 1692 348 1769 llarquardi
375 1693 514 1770 precibus
541 1694 700 1754 obsecutis
722 1694 930 1754 Aristoxenum
956 1698 987 1752 et
1009 1692 1185 1752 cleonidem.

178 1784 307 1858 proximo
331 1802 399 1842 eum
420 1782 559 1844 accedere
580 1783 620 1841 ad
637 1783 749 1841 vetusti
767 1782 910 1841 Marciani
929 1800 1048 1841 manum
1065 1783 1186 1840 tertiam

178 1870 361 1931 demonstrat
373 1871 470 1947 hiarq.
485 1872 556 1930 Arx.
571 1870 680 1946 xxiv,
697 1891 732 1929 ex
746 1871 848 1929 eodem
863 1874 963 1928 autem
976 1872 1056 1929 fonte
1071 1871 1188 1928 derivat

179 1959 262 2019 harh.
286 1959 318 2017 11
337 1959 393 2033 86,
427 1960 479 2036 qui
511 1960 580 2019 fona
606 1959 698 2018 fuisse
726 1960 800 2018 mihi
827 1959 943 2018 videtur
969 1960 1059 2018 codex
1081 1957 1186 2017 Vallae

179 2047 268 2123 Neap.
288 2045 416 2106 mor.
450 2067 503 2107 cur
521 2051 623 2107 autem
641 2047 722 2106 Jahn
740 2049 771 2106 in
790 2046 851 2118 AQ.
871 2068 897 2124 p.
916 2048 940 2106 L
959 2052 1046 2126 neget
1064 2048 1186 2106 eundem

180 2136 308 2196 codicem
335 2135 471 2194 exhihere
501 2136 666 2196 Aristidem
698 2140 730 2194 et
750 2137 971 2211 Aristoxenum,
1003 2156 1061 2195 non
1094 2137 1186 2195 video.

182 2223 297 2300 Vitelli,
317 2222 405 2284 Studi
426 2225 546 2284 italiam
568 2227 601 2284 di
621 2226 751 2300 filolope'o
774 2225 803 2282 Π
822 2227 894 2284 498.

243 2311 520 2390 hlagliabechiauus
545 2316 561 2372 1
587 2306 812 2395 (11111428,
836 2314 913 2372 olim.
938 2307 1042 2394 1118).
1073 2314 1115 2371 ch.
1145 2305 1185 2371 8⁰.
1200 2321 1225 2386 (3

180 2399 206 2463 S.
219 2401 297 2460 XVI.
337 2402 418 2477 Arx,
436 2401 514 2462 Ptol.
539 2422 606 2461 cum
630 2403 742 2462 scholio
766 2403 804 2460 ad
828 2402 899 2478 119,
926 2402 1032 2476 Porph.
1052 2405 1188 2476 excerpta

178 2488 322 2564 breviata,
354 2489 495 2549 Damiani
519 2495 595 2566 opt,
623 2491 776 2550 Barlaami
801 2492 892 2563 varia,
917 2491 1119 2566 Hippocrates.
1146 2522 1185 2529 -

180 2576 279 2637 Vitelli
303 2579 321 2636 l.
342 2577 360 2635 1.
380 2577 410 2636 Π
431 2580 503 2637 543.

244 2664 553 2742 Guelferbytanus
569 2669 641 2726 701.
671 2667 763 2727 chart.
787 2667 836 2725 fol.
862 2666 889 2724 S.
904 2667 956 2724 XV
980 2659 1069 2747 (Gud.
1084 2687 1126 2744 gr.
1143 2659 1185 2746 3).
1201 2677 1227 2741 (3

179 2753 283 2831 Porph.
332 2755 437 2831 Ehem,
460 2756 815 2829 Hermodorum-Rima
838 2748 918 2836 (Lps.
945 2750 1043 2836 1827)
1067 2755 1184 2814 11136.

243 2842 339 2902 Guelf.
357 2846 428 2905 732.
453 2845 546 2904 chart
561 2845 612 2911 fol.
629 2844 657 2904 S.
673 2844 735 2902 XV.
762 2837 851 2925 (Gud.
866 2865 907 2922 gr.
925 2837 967 2925 9).
996 2844 1071 2903 Ptol.
1083 2844 1186 2901 1-111
1199 2853 1225 2918 (3

179 2949 243 2990 enm
266 2933 357 2992 schol.
404 2932 457 2991 lib.
480 2935 551 2992 140.

244 3019 340 3080 Guelf.
367 3023 437 3080 740.
477 3022 568 3080 chart
599 3023 649 3082 fol.
680 3022 707 3080 S.
728 3021 789 3079 XV.
824 3013 912 3101 (Gud.
938 3013 981 3101 2.)
1013 3019 1074 3088 AQ.
1107 3020 1186 3078 Jahn
1200 3033 1226 3096 (4

178 3129 204 3183 p.
227 3109 305 3168 LIII.
352 3108 475 3184 Caesar,
517 3110 695 3185 &canape
722 3112 748 3168 d.
773 3111 827 3170 Rc.
861 3103 986 3190 (Marbg.
1014 3101 1112 3189 1861)
1137 3111 1185 3167 37.

177 3198 329 3276 signorum
361 3199 540 3258 musicorum
573 3199 708 3258 tabulam
741 3192 783 3279 (p.
806 3201 844 3256 15
873 3191 917 3277 11)
948 3199 1016 3256 hinc
1045 3198 1187 3273 expressit

181 3286 379 3360 Bellermann,
403 3287 568 3346 Tonlcilcrn
591 3288 652 3346 tab.
674 3292 702 3362 5,
725 3288 775 3346 ubi
800 3287 998 3346 concinentem
1018 3306 1084 3345 eum
1102 3287 1188 3345 video

179 3375 429 3435 condensas.
477 3376 530 3435 Eb.
548 3379 619 3435 141.

244 3463 527 3542 Hamburgensis
545 3465 576 3522 in
596 3466 728 3524 civitatis
742 3457 937 3523 bibliotheca¹
951 3483 996 3522 no.
1015 3466 1074 3523 103
1091 3463 1182 3522 chart
1198 3465 1223 3530 (4

181 3550 209 3611 8.
226 3552 303 3610 XVI.
333 3544 374 3611 4⁰.
404 3554 484 3629 Bry.‚
508 3553 569 3622 Au.
617 3572 687 3613 usus
705 3554 760 3613 hoc
778 3558 824 3612 est
841 3553 907 3612 Alb.
926 3553 1004 3611 Jahn
1025 3553 1056 3609 in
1075 3552 1185 3611 edendo

251 3677 264 3722 1
289 3667 333 3723 lhi
360 3669 468 3723 servari
491 3668 625 3725 Meibomi
653 3674 821 3739 apparatum
849 3669 982 3726 musicum
1006 3668 1087 3724 rideo
1110 3667 1186 3739 apud

177 3738 254 3795 Jahn
270 3736 328 3805 Au
346 3758 374 3810 p.
387 3738 458 3797 LIV.
