2466 3870
611 154 739 225 Isagoge.
1119 150 1181 214 173

161 317 219 381 ubi
255 315 373 381 rideris
413 317 460 382 ibi
489 339 645 384 sonorum
676 318 804 383 ordines
838 319 937 383 fuisse
971 292 1183 401 enumeratos,

162 423 217 508 qui
245 444 319 487 cnm
343 422 378 490 in
400 419 598 491 Aristoxeno
622 445 689 489 non
712 426 885 507 exstarent,
908 425 943 489 in
968 424 1078 491 codice
1099 422 1184 513 Lug·

161 529 299 595 dunensi
327 530 420 596 citari
447 553 516 597 non
542 535 730 617 potuerunt.
777 531 811 594 in
838 552 911 617 pag.
930 532 1017 596 (i-l
1043 535 1183 597 retorem

161 634 255 703 illum
282 642 523 723 praeceptorem
551 637 655 723 egisse
682 637 829 701 ridemus
855 636 894 701 de
923 636 1114 721 intervallis,
1136 639 1183 703 ita

160 748 199 810 ut
226 767 309 830 quae
336 745 398 810 sub
426 746 441 809 i
467 748 501 809 et
528 744 677 809 lnotata
699 745 778 827 sint,
806 744 900 809 facile
924 746 958 809 in
981 746 1114 832 isagoga
1137 744 1184 809 in-

161 854 337 919 veniamus.
382 850 480 915 etiam
509 872 591 936 qnae
618 852 680 916 sub
707 874 740 917 m
767 857 801 916 et
827 874 850 917 u
874 853 1029 936 citantur,
1057 873 1185 917 accura-

160 961 287 1027 tissime
314 960 466 1045 isagogae
492 980 523 1043 p.
541 960 614 1043 189,
636 964 671 1023 et
692 960 756 1024 190
779 959 986 1044 respondent,
1014 980 1073 1025 nee
1095 959 1185 1025 deest

162 1066 251 1153 quod
273 1065 467 1150 respondere
488 1065 637 1131 rideatur
659 1066 700 1131 ad
722 1088 754 1151 ⁰3
777 1071 810 1131 et
828 1086 901 1131 cum
921 1066 1132 1154 degenerum
1150 1070 1185 1133 et

162 1172 334 1239 chroarum
358 1194 415 1238 sex
437 1172 553 1238 formis
574 1172 678 1238 libelli
701 1173 914 1257 consentiant,
931 1174 1093 1239 artissime
1111 1194 1184 1240 con·

162 1278 256 1347 cedes
278 1281 364 1346 inter
385 1302 420 1345 se
441 1279 572 1367 ligatos.
608 1280 786 1345 concinunt
803 1282 900 1345 etiam
920 1281 954 1346 in
972 1287 1184 1365 systematum

163 1387 312 1455 doctrina
338 1390 372 1453 et
399 1408 438 1453 eo
461 1386 550 1473 quod
572 1388 690 1472 eapitis
712 1389 843 1453 initium
865 1388 904 1453 fit
927 1410 946 1452 a
967 1392 1092 1474 septem
1114 1388 1185 1455 illo

162 1516 235 1561 rum
266 1494 382 1561 formis
413 1494 557 1561 diversis.
612 1516 653 1560 on
684 1516 781 1580 quam
810 1494 922 1561 multis
952 1496 1049 1561 rebus
1081 1495 1185 1562 libelli

163 1604 250 1669 inter
270 1624 307 1668 se
323 1602 529 1669 concordent.
564 1624 626 1668 nec
643 1607 725 1688 puto
744 1603 870 1669 turbari
888 1602 1093 1669 concordiam
1111 1602 1183 1670 loeo

163 1710 220 1776 illo
243 1709 283 1775 de
304 1713 480 1795 systemate
502 1714 590 1775 inter
605 1712 629 1776 d
646 1714 680 1776 et
696 1732 714 1777 e
731 1711 897 1796 imposit03
920 1711 999 1777 adeo
1018 1710 1104 1776 enirn
1122 1710 1185 1775 hoc

163 1816 205 1883 ab
228 1817 317 1883 omni
340 1818 494 1883 materiae
517 1816 731 1902 dispositione
752 1817 916 1904 abhorret,
939 1823 976 1884 ut
996 1817 1101 1884 facere
1117 1840 1185 1885 non

163 1925 324 2010 possimus
346 1925 427 2010 quin
448 1945 601 1991 numeros
628 1926 709 1991 istos
732 1924 832 1991 falsos
854 1925 997 1991 dicamus
1019 1930 1053 1992 et
1075 1926 1185 2011 depra-

163 2036 265 2098 vatos.
311 2032 444 2117 reliquis
472 2032 507 2098 in
536 2033 633 2097 rebus
656 2032 812 2099 materiae
835 2034 913 2099 ordo
937 2035 1058 2119 optime
1081 2056 1185 2099 serva·

164 2144 217 2205 tus
245 2144 307 2224 est,
332 2144 370 2205 ut
394 2141 555 2205 exstitisse
581 2141 745 2225 quondam
770 2142 809 2205 de
832 2143 954 2206 musica
975 2141 1121 2207 libellum
1144 2140 1184 2205 ad

164 2246 351 2312 Aristoxeni
385 2247 586 2312 voluntatem
619 2272 639 2312 a
672 2246 824 2314 Cleonide
856 2250 1011 2333 scriptum
1044 2253 1077 2313 et
1109 2248 1184 2313 hnic

165 2355 318 2443 isagogae
345 2354 545 2419 simillimum
572 2377 668 2420 nemo
697 2378 815 2443 negare
842 2358 953 2441 possit.
999 2378 1037 2420 ex
1061 2356 1185 2421 ultimis

164 2466 272 2527 autem
291 2463 439 2550 isagoges
458 2464 587 2551 paginis
605 2464 693 2548 quod
711 2465 797 2548 apud
812 2463 996 2530 Cleonidem
1014 2464 1184 2548 antiquum

164 2570 246 2635 nihil
276 2569 409 2657 legitur,
439 2570 472 2634 id
502 2591 568 2635 non
598 2570 675 2635 huic
705 2570 833 2636 crimini
865 2572 1004 2637 dandum
1035 2576 1096 2655 est,
1128 2571 1184 2637 sed

164 2679 293 2763 inopiae
301 2677 589 2743 Aristoxeneorum
604 2679 869 2766 fragmentorum,
884 2679 1019 2764 quaeda
1035 2679 1185 2765 sympho-

164 2785 291 2851 niarum
314 2785 497 2871 schematis,
521 2785 560 2850 de
583 2785 721 2851 duorum
745 2786 899 2870 diapason
917 2787 1060 2872 perfecto
1084 2791 1184 2871 syste

164 2897 262 2977 mate,
293 2893 332 2958 de
362 2894 514 2958 tredecim
543 2895 631 2959 tonis
659 2895 727 2959 sive
754 2895 997 2979 systematibu3‚
1025 2896 1064 2959 da
1087 2895 1184 2960 variis

165 3001 381 3066 mutationum
415 3001 529 3066 formis
561 3001 645 3065 nihil
678 3002 852 3066 continent.
879 3041 921 3051 —
950 3003 1027 3088 quid
1060 3004 1185 3090 igitur?

165 3107 349 3173 dicemusne
372 3109 514 3173 numeris
535 3107 744 3195 Lugdunensi
768 3109 869 3174 codici
893 3111 1063 3195 adscriptis
1086 3110 1185 3198 signi-

164 3216 255 3280 ficari
277 3215 366 3280 locos
390 3217 491 3299 ipsius
514 3215 611 3279 huius
635 3215 906 3281 introductionis?
944 3218 1005 3282 hoc
1028 3240 1088 3303 ego
1107 3218 1184 3283 nolo

164 3323 365 3389 contendere.
411 3344 461 3388 res
485 3323 571 3387 enim
594 3323 656 3387 sub
678 3326 699 3405 f
717 3327 750 3388 et
772 3323 792 3387 t
815 3323 848 3387 in
871 3324 980 3390 codice
1001 3324 1185 3412 designatas

165 3430 304 3496 concedo
324 3454 343 3496 a
362 3435 473 3495 nostra
488 3430 728 3495 introductione
743 3430 923 3515 discrepare
937 3436 969 3496 ot
983 3436 1091 3516 partes
1104 3452 1185 3515 q—s

164 3538 218 3604 hic
237 3538 417 3604 desiderari.
454 3561 522 3604 non
539 3537 623 3603 hanc
643 3540 797 3627 isagogen
818 3539 872 3604 ille
890 3539 1043 3605 librarius
1061 3539 1184 3625 citarit,
