2466 3870
455 111 765 187 ETKAEIAOT

386 289 612 370 Κατατομη
644 289 837 361 κανόνος.

167 469 211 531 Εἰ
232 466 354 549 ἡσυχία
378 471 428 546 εἴη
451 461 507 527 καὶ
529 463 696 545 ἀκινησία,
720 464 828 544 σιωπὴ
847 461 890 526 ἂν
909 468 972 545 εἴη’
997 471 1122 544 σιωπῆς

101 682 134 745 εί
159 681 223 763 ἄρα
247 677 358 762 μέλλει
382 702 414 741 τι
438 676 731 759 ἀκουσθήσεσθαι,
758 678 890 760 πληγὴν
912 674 967 740 καὶ
991 679 1122 760 κίνησιν
1151 705 1163 741 ,ι

101 789 266 870 πρότερον
290 787 343 849 δεῖ
364 783 533 868 γενέσθαι.
570 782 655 849 ὥστε
678 782 792 867 ἐπειδὴ
815 782 937 861 πάντες
960 784 994 849 οἱ
1015 786 1124 868 φθόγ-

102 918 157 977 γοι
180 897 332 976 γίνονται
356 896 483 976 πληγῆς
506 915 599 969 τινος
623 890 810 977 γινομένης,
834 892 964 975 πληγὴν
988 888 1025 955 δὲ
1043 890 1124 975 ἀμή-

102 1025 207 1085 χανον
230 999 389 1084 γενέσθαι
413 1000 457 1083 μὴ
477 998 552 1084 οὐχὶ
570 1001 734 1082 κινήσεως
751 1002 916 1084 πρότερον
935 995 1125 1082 γενομένης,

101 1145 146 1154 -
174 1119 242 1172 τῶν
270 1103 308 1171 δὲ
335 1108 500 1189 κινήσεων
528 1107 566 1171 αλ
591 1103 653 1191 μὲν
675 1109 880 1192 πυκνότεραί
900 1107 1001 1187 είσιν,
1030 1105 1067 1169 αί
1088 1100 1124 1169 δέ

103 1215 309 1299 ἀραιότεραι,
336 1212 391 1279 καὶ
420 1215 457 1277 αί
478 1210 539 1298 μὲν
563 1217 765 1300 πυκνότεραι
788 1212 965 1298 ὀξυτέρους
988 1220 1122 1277 ποιοῦσι
1139 1240 1164 1278 ιο

104 1326 183 1399 τοὺς
202 1326 389 1407 φθόγγους,
408 1321 447 1385 αλ
463 1317 500 1386 δὲ
520 1320 711 1406 ἀραιότεραι
726 1321 943 1406 βαρυτέρους,
962 1358 1005 1367 -
1024 1320 1124 1403 ἀναγ-

102 1442 199 1495 καῖον
218 1433 297 1506 τοὺς
316 1426 377 1514 μὲν
395 1426 574 1511 ὀξυτέρους
593 1422 690 1512 εἶναι,
709 1426 841 1512 ἐπείπερ
861 1427 897 1493 ἐκ
912 1426 1125 1512 πυκνοτέραν

179 1709 284 1763 Variae
322 1709 466 1765 lectiones.
519 1709 666 1780 Είςαγωγὴ
699 1709 838 1779 ἁρμονικὴ
872 1713 1028 1767 Εὐκλείδου
1061 1711 1125 1765 sub·

105 1781 242 1853 scriplum
257 1780 400 1836 Cleonidis
419 1781 624 1837 introductioni
637 1781 675 1837 M.
708 1783 865 1837 Εὐκλείδου
884 1784 1026 1852 κατατομὴ
1041 1782 1127 1838 κανό-

103 1874 152 1916 νος
184 1852 267 1906 huius
296 1852 388 1908 libelli
412 1852 514 1907 titulus
542 1852 571 1907 in
598 1853 665 1908 ΜΠ.
708 1853 802 1907 nullus
827 1853 871 1909 tit.
896 1853 925 1907 in
949 1855 1024 1910 VW.
1061 1855 1126 1924 περὶ

105 1922 243 2014 φθόγγων
262 1924 331 1993 ΝΒ,
361 1925 464 1995 repetit
492 1925 625 1980 foliorum
652 1925 696 1979 tit.
721 1928 892 1980 Κλεονείδου
921 1925 1054 1996 εἰςαγοιγὴ
1077 1927 1127 1994 ἁρ·

104 1996 329 2136 μονιέηδῗδχίᾱς
348 2068 433 2135 οὔσης
452 2068 499 2121 καί
519 2066 667 2135 ἀκινησίας
681 2068 725 2122 W.
800 2075 816 2119 4
836 2069 900 2123 οὐδὲ
917 2069 950 2124 N.
1025 2075 1126 2139 ὅπλη-

105 2139 158 2208 γὴν
178 2139 234 2208 ἄρα
253 2139 302 2192 καὶ
322 2139 366 2194 W.
441 2145 457 2192 δ
477 2139 544 2194 ὥστε
565 2136 639 2211 ἐπει]
660 2141 735 2207 οἵγε
756 2140 801 2191 W.

178 2407 222 2461 Ad
245 2407 419 2477 prooemium
443 2407 479 2462 cf.
503 2407 735 2461 commentarium
759 2407 956 2478 Ps.-P0rph5ri
986 2410 1013 2463 in
1037 2410 1126 2465 Ptole-

107 2479 181 2534 maei
214 2479 378 2533 harmonica
412 2498 437 2549 p.
466 2485 518 2532 20ss
557 2483 586 2533 et
622 2480 775 2532 Adrastum
813 2480 889 2549 apud
919 2481 1061 2535 Theonem
1094 2482 1127 2536 de

107 2551 215 2606 musica
234 2558 288 2606 0.ss
308 2555 345 2621 (p.
362 2554 413 2619 50).
