2466 3870
119 107 209 163 vm·
427 186 429 190 Α
484 98 488 102 ’
553 105 746 162 amram·
792 114 797 119 ·

122 273 261 336 codicem
280 273 408 355 penitus
427 270 637 349 exhaurirem,
659 265 853 347 hymnorum
873 253 1082 353 archetypum
1101 267 1131 332 V
1208 255 1215 267 ⁷

122 378 310 461 invenirem,
338 376 512 440 lectionum
540 371 744 455 vulgatarum
774 376 935 437 auctorem
960 374 992 440 U
1017 397 1133 463 cogno

121 504 240 547 acerem
271 487 367 564 atque
390 478 501 542 Milani
526 476 690 538 Bononiae
712 473 870 557 Mutinae,
897 483 1054 564 numquid
1083 503 1133 544 ex-

122 593 221 653 staret
242 589 283 651 ad
307 583 439 647 consilia
464 603 535 644 mea
557 581 650 664 utile,
672 582 856 666 perquirere
879 604 1013 665 possem.
1060 587 1133 649 dein

122 696 291 776 postquam
316 693 448 771 propter
468 688 630 775 Θεοδώρῳ
653 687 733 752 illud
752 686 881 774 (Bacch.
904 690 976 773 101,
991 689 1026 775 8)
1050 692 1134 754 codi-

123 817 189 859 cem
209 792 369 858 Mersenni
387 793 532 859 Lutetiae
555 797 747 879 pertractavi
768 802 800 860 et
819 803 964 861 essentne
982 797 1038 862 alii
1058 796 1133 861 libri

123 899 252 965 musicis
286 900 381 965 utiles
413 902 523 986 paucis
551 902 754 967 Pentecostes
788 902 900 967 diebus
928 905 1135 988 circumspec-

122 1007 197 1091 tavi,
216 1006 311 1072 huius
330 1008 478 1072 editionis
495 1007 692 1093 prodromon
710 1008 872 1090 publicavi
886 1008 1017 1074 Bacchii
1032 1017 1133 1075 artem

124 1115 158 1179 in
186 1115 292 1179 annali
320 1118 557 1199 programmate
580 1113 661 1194 lycei
684 1111 929 1198 Argentinensis
954 1115 1048 1179 1890.
1093 1138 1134 1180 ne

123 1226 230 1284 tamen
248 1218 495 1305 neglegerentur
512 1215 718 1301 Neapolitani
738 1217 869 1302 codices,
892 1242 1027 1302 quorum
1047 1221 1135 1286 locos

123 1328 201 1390 satis
229 1325 388 1409 speciosos
415 1323 622 1407 prodiderant
644 1322 849 1389 Bellermann
871 1331 904 1389 et
927 1325 1135 1412 Studemund,

122 1432 206 1496 hanc
228 1452 356 1514 quoque
378 1429 607 1494 bibliothecam
630 1429 806 1495 adeundam
826 1433 1015 1516 existimavi,
1038 1439 1135 1518 atque

125 1537 295 1602 eorundem
327 1536 525 1619 superiorum
554 1535 709 1600 beneficio
738 1542 770 1600 et
797 1537 991 1602 liberalitate
1018 1540 1134 1603 iterum

125 1644 252 1708 adiutus
275 1644 309 1706 in
328 1641 456 1705 Italiam
479 1641 554 1722 abii,
578 1641 749 1706 Borbonici
774 1641 896 1705 codices
920 1648 1076 1726 quantum
1096 1647 1136 1709 ad

124 1750 184 1814 hos
205 1749 342 1812 musicos
362 1752 394 1810 61
411 1746 630 1810 Ptolemaeum
650 1747 806 1811 curandos
824 1748 976 1832 valerent,
999 1749 1136 1834 Neapoli

124 1855 307 1940 perquisivi,
324 1854 495 1940 fragmenti
511 1851 684 1934 rhythmici
698 1851 835 1917 Parisini
851 1856 971 1918 socium
987 1853 1135 1920 Italicum

125 1963 240 2044 inveni,
259 1960 452 2025 Barberinos
471 1960 565 2024 etiam
581 1959 705 2023 codices
718 1958 841 2024 Romae
854 1960 997 2045 lustravi,
1017 1960 1137 2026 eVati·

126 2091 203 2133 cano
226 2067 257 2131 id
277 2067 362 2150 quod
381 2088 461 2149 opus
480 2071 548 2129 erat
566 2065 758 2129 conciliante
777 2065 948 2130 Peterseno
968 2069 1136 2150 impetravi

126 2182 163 2240 ut
190 2174 266 2239 Mau
296 2176 457 2237 excuteret
488 2170 528 2257 (a.
555 2170 662 2258 1891).
714 2172 785 2255 piae
817 2172 870 2235 hio
903 2174 1026 2258 gratiae
1057 2175 1137 2238 mihi

127 2263 323 2367 profitendae
347 2282 421 2342 sunt
446 2278 594 2342 omnibus
617 2278 656 2340 iis
680 2279 735 2361 qui
758 2278 792 2341 in
815 2276 910 2341 ltalia
936 2277 1040 2343 Galba
1062 2280 1137 2344 Ger-

126 2389 232 2452 mania
265 2387 408 2451 eodicum
439 2389 545 2469 partes
574 2384 623 2447 vel
651 2384 738 2448 locos
767 2384 845 2448 mihi
875 2388 1137 2451 examinaverunt

127 2498 159 2559 et
187 2494 241 2578 qui
270 2492 473 2556 bibliothecis
501 2492 652 2574 praefecti
682 2513 778 2574 opera
806 2496 838 2554 et
865 2492 1059 2556 liberalitate
1086 2516 1137 2584 mc

126 2600 325 2682 adiuverunt,
344 2599 500 2681 imprimis
516 2596 655 2660 Soranzo
669 2596 793 2661 Veneto
810 2596 928 2661 Comiti
946 2599 1137 2683 comissimo,

127 2707 181 2790 qui
206 2705 361 2789 quidquid
384 2704 600 2768 desiderabam
627 2704 790 2767 celerrime
812 2705 972 2787 expedivit
995 2711 1028 2769 et
1047 2706 1138 2769 tabu-

126 2814 190 2877 lam
213 2810 246 2875 11
273 2810 488 2897 photographi
517 2833 612 2894 opera
641 2811 869 2874 conficiendam
898 2813 1028 2876 curavit.
1078 2834 1137 2875 nec

127 2939 267 3002 unquam
292 2918 461 2981 obliviscar
478 2917 674 2981 Deitersium
697 2938 778 3000 quae
801 2916 999 2981 eMonachii
1022 2918 1139 2981 codici-

127 3027 187 3090 bus
213 3026 421 3108 exscripserat
444 3045 567 3086 summa
589 3022 784 3114 liberalitate
807 3022 886 3087 mihi
911 3024 1137 3108 commodasse,

127 3131 289 3196 Ruellium
326 3137 432 3194 autem
469 3130 656 3193 excutiendo
689 3129 834 3193 Parisino
862 3130 950 3193 2532
985 3153 1066 3214 quae
1099 3131 1137 3195 de

127 3236 257 3301 Bacchii
276 3236 437 3300 codicibus
451 3241 624 3300 statueram
640 3236 843 3300 confirmasse
857 3242 890 3301 et
904 3238 1137 3321 comprobasse.

196 3342 386 3426 Comparate
418 3348 524 3407 autem
557 3342 701 3406 codicum
734 3349 766 3407 et
797 3344 972 3408 lectionum
1004 3346 1138 3409 materia

128 3450 190 3534 ipsi
209 3453 316 3514 textus
334 3452 527 3515 musicorum
547 3449 728 3513 recensendi
749 3454 848 3514 erant.
876 3451 932 3514 sed
946 3450 1138 3534 scriptorum
