2466 3870
346 109 664 185 NIKOMAXOT
698 108 1069 185 ΠΎΘΛΓΟΡΕΙΟΤ

544 247 862 322 ΓΕΡΑΣΗΝΟΎ

269 405 484 491 ἁρμονικὸν
518 405 766 492 ἐγχειρίδιον
797 399 1076 488 ύπαγορευδὲν
1108 401 1145 480 ἐξ

416 513 602 597 ὑπογύου
630 515 727 578 κατὰ
755 512 796 577 τὸ
824 514 999 576 παλαιόν.

171 678 222 736 51.
244 669 306 727 Ὀτι
334 672 365 727 τὸ
389 673 499 745 βιβλίον
524 667 694 742 ἐγχειρίδιόν
718 666 794 726 ἔστιν
816 666 967 740 ύπύμνημα
991 675 1039 738 τῆς
1062 667 1216 737 ἁρμονικῆς

607 763 811 831 οτοιχειώτευς,

265 912 295 955 α.
332 891 378 955 Ec
411 887 467 955 καὶ
504 891 675 975 πολύχους
711 887 790 954 καθ’
828 886 945 954 ἑαυτὸν
977 883 1032 951 καὶ
1053 886 1218 970 δυσπερί·

198 1002 321 1081 ληπτος
344 993 395 1062 ένλ
419 1004 701 1083 συμπερανθῆναι
724 998 933 1082 ὑπομνήματι
957 995 975 1061 δ
999 991 1074 1079 περὶ
1096 1004 1163 1058 τῶν
1183 990 1220 1056 έν

198 1116 269 1180 τοῖς
287 1103 483 1189 ἁρμονικοῖς
502 1109 681 1189 στοιχείοις
700 1103 931 1190 διαστημάτων
948 1126 983 1168 τε
1001 1099 1056 1168 καλ
1076 1099 1220 1186 σχέσεων

160 1239 186 1280 ιο
198 1209 339 1296 ὑπάρχει
372 1213 488 1295 λόγος,
518 1209 584 1295 ἐγώ
618 1234 652 1277 τε
686 1211 795 1288 ἄλλως
825 1209 891 1275 ὑπὸ
923 1219 980 1294 τῆς
1007 1208 1220 1293 δδοιπορικης

199 1315 441 1395 ἀκαταστασίας
459 1315 515 1383 καὶ
536 1315 755 1396 συνεπείξεως
773 1317 834 1382 οὐκ
852 1314 1027 1404 ἄκυμύντμ
1041 1324 1102 1381 τοῦ
1117 1317 1220 1398 λόγου

199 1424 357 1511 φροντίδι
387 1422 443 1490 καὶ
477 1425 614 1512 διανοίᾳ
643 1425 787 1502 δυνατός
816 1425 883 1509 είμι
913 1433 953 1510 τῇ
985 1421 1059 1508 περὶ
1091 1423 1220 1488 τούτων

199 1529 419 1616 ἐπιβαλέσθαι
448 1532 650 1620 διδασκαλίᾳ
678 1533 758 1618 μετὰ
784 1541 841 1617 τῆς
864 1531 1091 1617 προσηκούσης
1115 1548 1220 1615 σαφη-

199 1641 291 1716 νείας
329 1641 489 1725 σχολαίου
524 1638 667 1725 μάλιστα
700 1637 755 1705 καὶ
788 1638 1033 1724 ἀπερισπάστου
1065 1636 1222 1723 δεομένης

161 1774 187 1816 ιι
200 1754 320 1829 καιροῦ
347 1770 384 1812 τε
410 1745 466 1813 καὶ
496 1753 742 1833 συλλογισμοῦ,
765 1784 809 1794 -
832 1759 940 1812 πᾶσαν
967 1746 1054 1832 ὅμως
1081 1745 1221 1832 ἐπιρρα-

201 1852 299 1920 στέον
333 1852 408 1920 ἐστί
438 1880 495 1940 μοι
530 1852 575 1942 (p.
598 1853 634 1941 3)
666 1855 819 1939 σπουδὴν
850 1863 912 1919 σοῦ
944 1878 981 1938 γε
1012 1854 1222 1937 κελευούσης,

201 1959 320 2048 ἀρίστη
350 1959 406 2026 καὶ
437 1961 624 2048 σεμνοτάτη
655 1973 839 2046 γυναικῶν,
868 1959 931 2026 κᾶν
959 1962 1043 2027 αὐτὰ
1072 1961 1153 2039 ψιλὰ
1183 1961 1223 2026 τὰ

201 2119 340 2126 --.-.-
351 2119 415 2125 -—-

275 2217 289 2264 1
314 2210 396 2264 Hune
419 2209 464 2264 tit.
489 2209 517 2265 h.
542 2211 580 2278 R,
610 2210 747 2280 ικομύχου
771 2217 942 2279 γερασσηνοῦ
965 2212 1160 2279 πυθαγορικοῦ
1184 2208 1222 2277 M,

203 2299 258 2338 om.
277 2283 309 2336 B.
383 2283 576 2352 δάρμονικῆς
594 2282 631 2337 Μ.
705 2285 870 2352 Προοίμιον,
889 2279 1044 2349 κεφάλαιον
1062 2290 1173 2349 πρῶτον
1190 2280 1220 2335 Β.

203 2360 220 2408 6
238 2353 355 2425 Repetit
373 2354 499 2424 capitum
520 2353 621 2408 titulos
637 2354 712 2407 solus
728 2354 764 2419 B;
784 2370 913 2408 numeros
928 2352 1051 2423 capitum
1066 2352 1174 2407 indicat
1188 2352 1222 2409 N.

204 2430 220 2479 8
239 2425 254 2480 δ
273 2425 340 2495 περὶ
357 2434 414 2480 τῶν
433 2423 464 2480 έν
484 2426 520 2493 R,
546 2426 560 2479 δ
581 2426 660 2495 παρὰ
679 2435 727 2480 τοῦ
748 2423 779 2481 ἐν
798 2426 836 2495 N,
860 2425 937 2494 παρὰ
956 2426 997 2493 Μ,
1021 2434 1075 2478 τῶν
1093 2424 1172 2493 παρὰ
1192 2424 1222 2479 Β.

205 2503 237 2551 11
270 2505 321 2553 τοῦ
352 2499 385 2565 Β,
418 2499 449 2552 τὸ
469 2507 519 2552 τοῦ
548 2498 616 2553 RM.
720 2504 752 2550 12
785 2500 916 2566 φροντίδι
943 2498 978 2565 R,
1012 2499 1128 2565 φορτίον
1156 2495 1224 2552 ΜΒ.

205 2576 238 2625 16
258 2569 386 2638 σπουδήν
405 2569 470 2625 add.
491 2569 542 2624 M‘.
619 2577 651 2624 17
672 2569 726 2623 κᾶν
746 2570 810 2639 RB,
830 2568 866 2622 ἂν
880 2570 917 2623 M.
