<?xml version="1.0" encoding="UTF-8"?>
<!DOCTYPE html PUBLIC "-//W3C//DTD XHTML 1.0 Transitional//EN"
    "http://www.w3.org/TR/xhtml1/DTD/xhtml1-transitional.dtd">
<html xmlns="http://www.w3.org/1999/xhtml" xml:lang="en" lang="en">
 <head>
  <title>
</title>
<meta http-equiv="Content-Type" content="text/html;charset=utf-8" />
  <meta name='ocr-system' content='tesseract 3.04.00' />
  <meta name='ocr-capabilities' content='ocr_page ocr_carea ocr_par ocr_line ocrx_word'/>
</head>
<body>
  <div class='ocr_page' id='page_1' title='image "./musiciscriptore00jangoog_0318.png"; bbox 0 0 2466 3870; ppageno 0'>
   <div class='ocr_carea' id='block_1_1' title="bbox 394 260 1221 395">
    <p class='ocr_par' dir='ltr' id='par_1_1' title="bbox 394 260 1221 395">
     <span class='ocr_line' id='line_1_1' title="bbox 394 260 1221 395; baseline 0.017 -34"><span class='ocrx_word' id='word_1_1' title='bbox 394 310 502 387; x_wconf 74' lang='grc' dir='ltr'>-ς-</span> <span class='ocrx_word' id='word_1_2' title='bbox 552 292 779 395; x_wconf 57' lang='lat' dir='ltr'>satanan..</span> <span class='ocrx_word' id='word_1_3' title='bbox 1095 260 1172 375; x_wconf 73' lang='lat' dir='ltr'>&#39;au</span> <span class='ocrx_word' id='word_1_4' title='bbox 1218 306 1221 311; x_wconf 85' lang='lat'>·</span> 
     </span>
    </p>
   </div>
   <div class='ocr_carea' id='block_1_2' title="bbox 147 450 1176 615">
    <p class='ocr_par' dir='ltr' id='par_1_2' title="bbox 147 450 1176 615">
     <span class='ocr_line' id='line_1_2' title="bbox 147 450 1176 615; baseline 0.011 -51"><span class='ocrx_word' id='word_1_5' title='bbox 147 462 283 605; x_wconf 44' lang='grc' dir='ltr'>Ἐἰ-ι),</span> <span class='ocrx_word' id='word_1_6' title='bbox 311 504 370 566; x_wconf 92' lang='lat' dir='ltr'>ant</span> <span class='ocrx_word' id='word_1_7' title='bbox 396 454 675 591; x_wconf 83' lang='lat' dir='ltr'>superpartientes</span> <span class='ocrx_word' id='word_1_8' title='bbox 704 450 890 609; x_wconf 23' lang='grc' dir='ltr'>(ἑκιμῷετς.</span> <span class='ocrx_word' id='word_1_9' title='bbox 906 452 1046 615; x_wconf 45' lang='lat'>242⁸),</span> <span class='ocrx_word' id='word_1_10' title='bbox 1074 507 1176 595; x_wconf 83' lang='lat' dir='ltr'>quid?</span> 
     </span>
    </p>
   </div>
   <div class='ocr_carea' id='block_1_3' title="bbox 149 578 1175 738">
    <p class='ocr_par' dir='ltr' id='par_1_3' title="bbox 149 578 1175 738">
     <span class='ocr_line' id='line_1_3' title="bbox 149 578 1175 738; baseline 0.014 -31"><span class='ocrx_word' id='word_1_11' title='bbox 149 640 355 729; x_wconf 90' lang='lat' dir='ltr'>quodetiam</span> <span class='ocrx_word' id='word_1_12' title='bbox 374 648 757 731; x_wconf 75' lang='grc' dir='ltr'><strong><em>πολλαπλασιεπιμόριοι</em></strong></span> <span class='ocrx_word' id='word_1_13' title='bbox 776 578 1018 738; x_wconf 59' lang='lat' dir='ltr'>dignoscuntur,</span> <span class='ocrx_word' id='word_1_14' title='bbox 1037 674 1175 738; x_wconf 89' lang='lat' dir='ltr'>quorum</span> 
     </span>
    </p>
   </div>
   <div class='ocr_carea' id='block_1_4' title="bbox 146 750 1176 1479">
    <p class='ocr_par' dir='ltr' id='par_1_4' title="bbox 146 750 1176 1479">
     <span class='ocr_line' id='line_1_4' title="bbox 148 750 1176 847; baseline 0.009 -32"><span class='ocrx_word' id='word_1_15' title='bbox 148 750 333 837; x_wconf 87' lang='lat' dir='ltr'>exemplum</span> <span class='ocrx_word' id='word_1_16' title='bbox 365 758 417 820; x_wconf 83' lang='lat' dir='ltr'>est</span> <span class='ocrx_word' id='word_1_17' title='bbox 448 754 484 839; x_wconf 63' lang='grc' dir='ltr'>Ἰ,</span> <span class='ocrx_word' id='word_1_18' title='bbox 512 756 547 818; x_wconf 88' lang='lat' dir='ltr'>et</span> <span class='ocrx_word' id='word_1_19' title='bbox 573 755 949 839; x_wconf 67' lang='lat' dir='ltr'>soltuatuecexapspatc</span> <span class='ocrx_word' id='word_1_20' title='bbox 982 756 1081 823; x_wconf 83' lang='lat' dir='ltr'>veluti</span> <span class='ocrx_word' id='word_1_21' title='bbox 1112 758 1176 847; x_wconf 58' lang='lat'>75}</span> 
     </span>
     <span class='ocr_line' id='line_1_5' title="bbox 147 856 1176 952; baseline 0.01 -31"><span class='ocrx_word' id='word_1_22' title='bbox 147 856 300 925; x_wconf 88' lang='lat' dir='ltr'>absoluto</span> <span class='ocrx_word' id='word_1_23' title='bbox 327 861 448 946; x_wconf 91' lang='lat' dir='ltr'>prioris</span> <span class='ocrx_word' id='word_1_24' title='bbox 475 858 554 923; x_wconf 90' lang='lat' dir='ltr'>libri</span> <span class='ocrx_word' id='word_1_25' title='bbox 582 861 775 945; x_wconf 88' lang='lat' dir='ltr'>argumento</span> <span class='ocrx_word' id='word_1_26' title='bbox 803 856 920 948; x_wconf 75' lang='grc' dir='ltr'><strong>(κέρας</strong></span> <span class='ocrx_word' id='word_1_27' title='bbox 946 871 1004 947; x_wconf 77' lang='grc' dir='ltr'>τῆς</span> <span class='ocrx_word' id='word_1_28' title='bbox 1029 870 1176 952; x_wconf 77' lang='grc' dir='ltr'><strong><em>θεωρίας</em></strong></span> 
     </span>
     <span class='ocr_line' id='line_1_6' title="bbox 147 962 1174 1057; baseline 0.008 -26"><span class='ocrx_word' id='word_1_29' title='bbox 147 962 186 1031; x_wconf 76' lang='grc' dir='ltr'>ἐν</span> <span class='ocrx_word' id='word_1_30' title='bbox 213 974 236 1031; x_wconf 77' lang='lat' dir='ltr'>d</span> <span class='ocrx_word' id='word_1_31' title='bbox 258 969 426 1053; x_wconf 73' lang='grc' dir='ltr'>εἰσαγωγῇ</span> <span class='ocrx_word' id='word_1_32' title='bbox 450 962 545 1055; x_wconf 87' lang='grc'>123)</span> <span class='ocrx_word' id='word_1_33' title='bbox 567 962 790 1032; x_wconf 82' lang='lat' dir='ltr'>Nicomachus</span> <span class='ocrx_word' id='word_1_34' title='bbox 817 966 852 1032; x_wconf 90' lang='lat' dir='ltr'>in</span> <span class='ocrx_word' id='word_1_35' title='bbox 879 968 1007 1057; x_wconf 82' lang='lat' dir='ltr'>epilogo</span> <span class='ocrx_word' id='word_1_36' title='bbox 1034 971 1174 1057; x_wconf 88' lang='lat' dir='ltr'>quodam</span> 
     </span>
     <span class='ocr_line' id='line_1_7' title="bbox 148 1071 1175 1158; baseline 0.009 -21"><span class='ocrx_word' id='word_1_37' title='bbox 148 1072 320 1138; x_wconf 78' lang='lat' dir='ltr'>materiam</span> <span class='ocrx_word' id='word_1_38' title='bbox 349 1071 485 1139; x_wconf 90' lang='lat' dir='ltr'>alterius</span> <span class='ocrx_word' id='word_1_39' title='bbox 511 1072 590 1139; x_wconf 87' lang='lat' dir='ltr'>libri</span> <span class='ocrx_word' id='word_1_40' title='bbox 622 1072 782 1158; x_wconf 79' lang='lat' dir='ltr'>praecipit</span> <span class='ocrx_word' id='word_1_41' title='bbox 812 1094 872 1139; x_wconf 87' lang='lat' dir='ltr'>nec</span> <span class='ocrx_word' id='word_1_42' title='bbox 903 1075 1007 1143; x_wconf 85' lang='lat' dir='ltr'>aliena</span> <span class='ocrx_word' id='word_1_43' title='bbox 1035 1083 1084 1145; x_wconf 89' lang='lat' dir='ltr'>est</span> <span class='ocrx_word' id='word_1_44' title='bbox 1112 1080 1175 1145; x_wconf 89' lang='lat' dir='ltr'>ista</span> 
     </span>
     <span class='ocr_line' id='line_1_8' title="bbox 146 1176 1173 1265; baseline 0.012 -22"><span class='ocrx_word' id='word_1_45' title='bbox 146 1176 372 1265; x_wconf 73' lang='lat' dir='ltr'>dispositionis</span> <span class='ocrx_word' id='word_1_46' title='bbox 402 1180 601 1265; x_wconf 83' lang='lat' dir='ltr'>perversitas</span> <span class='ocrx_word' id='word_1_47' title='bbox 633 1202 653 1244; x_wconf 91' lang='lat' dir='ltr'>a</span> <span class='ocrx_word' id='word_1_48' title='bbox 679 1178 797 1245; x_wconf 90' lang='lat' dir='ltr'>Boetic</span> <span class='ocrx_word' id='word_1_49' title='bbox 829 1201 873 1245; x_wconf 89' lang='lat' dir='ltr'>ar.</span> <span class='ocrx_word' id='word_1_50' title='bbox 901 1180 991 1248; x_wconf 84' lang='lat'><strong>132.</strong></span> <span class='ocrx_word' id='word_1_51' title='bbox 1044 1206 1173 1255; x_wconf 91' lang='lat' dir='ltr'>omnem</span> 
     </span>
     <span class='ocr_line' id='line_1_9' title="bbox 148 1284 1174 1376; baseline 0.009 -25"><span class='ocrx_word' id='word_1_52' title='bbox 148 1285 236 1351; x_wconf 84' lang='lat' dir='ltr'>enim</span> <span class='ocrx_word' id='word_1_53' title='bbox 258 1285 527 1371; x_wconf 74' lang='lat' dir='ltr'>inaequalitatem</span> <span class='ocrx_word' id='word_1_54' title='bbox 546 1286 720 1372; x_wconf 86' lang='lat' dir='ltr'>procedere</span> <span class='ocrx_word' id='word_1_55' title='bbox 738 1284 852 1351; x_wconf 89' lang='lat' dir='ltr'>dicunt</span> <span class='ocrx_word' id='word_1_56' title='bbox 871 1308 909 1353; x_wconf 90' lang='lat' dir='ltr'>ex</span> <span class='ocrx_word' id='word_1_57' title='bbox 928 1290 1122 1376; x_wconf 87' lang='lat' dir='ltr'>aequalitate</span> <span class='ocrx_word' id='word_1_58' title='bbox 1140 1298 1174 1360; x_wconf 92' lang='lat' dir='ltr'>et</span> 
     </span>
     <span class='ocr_line' id='line_1_10' title="bbox 147 1384 1173 1479; baseline 0.01 -20"><span class='ocrx_word' id='word_1_59' title='bbox 147 1392 306 1479; x_wconf 87' lang='lat' dir='ltr'>expositis</span> <span class='ocrx_word' id='word_1_60' title='bbox 347 1392 455 1460; x_wconf 89' lang='lat' dir='ltr'>tribus</span> <span class='ocrx_word' id='word_1_61' title='bbox 492 1392 642 1459; x_wconf 87' lang='lat' dir='ltr'>terminis</span> <span class='ocrx_word' id='word_1_62' title='bbox 678 1384 791 1479; x_wconf 81' lang='lat' dir='ltr'>aequis</span> <span class='ocrx_word' id='word_1_63' title='bbox 826 1392 1048 1465; x_wconf 89' lang='lat' dir='ltr'>demonstrant</span> <span class='ocrx_word' id='word_1_64' title='bbox 1085 1406 1173 1469; x_wconf 87' lang='lat' dir='ltr'>certa</span> 
     </span>
    </p>
   </div>
   <div class='ocr_carea' id='block_1_5' title="bbox 145 1498 1171 1590">
    <p class='ocr_par' dir='ltr' id='par_1_5' title="bbox 145 1498 1171 1590">
     <span class='ocr_line' id='line_1_11' title="bbox 145 1498 1171 1590; baseline 0.01 -23"><span class='ocrx_word' id='word_1_65' title='bbox 145 1499 286 1589; x_wconf 86' lang='lat' dir='ltr'>augendi</span> <span class='ocrx_word' id='word_1_66' title='bbox 324 1500 437 1589; x_wconf 84' lang='lat' dir='ltr'>regula</span> <span class='ocrx_word' id='word_1_67' title='bbox 473 1498 658 1567; x_wconf 86' lang='lat' dir='ltr'>adhibenda</span> <span class='ocrx_word' id='word_1_68' title='bbox 694 1500 838 1567; x_wconf 86' lang='lat' dir='ltr'>rationes</span> <span class='ocrx_word' id='word_1_69' title='bbox 871 1503 1067 1590; x_wconf 83' lang='lat' dir='ltr'>multiplices</span> <span class='ocrx_word' id='word_1_70' title='bbox 1098 1509 1171 1577; x_wconf 90' lang='lat' dir='ltr'>inde</span> 
     </span>
    </p>
   </div>
   <div class='ocr_carea' id='block_1_6' title="bbox 147 1610 1173 1750">
    <p class='ocr_par' dir='ltr' id='par_1_6' title="bbox 147 1610 1173 1750">
     <span class='ocr_line' id='line_1_12' title="bbox 147 1610 1173 1750; baseline 0.003 -39"><span class='ocrx_word' id='word_1_71' title='bbox 147 1645 240 1711; x_wconf 86' lang='lat' dir='ltr'>oriri:</span> <span class='ocrx_word' id='word_1_72' title='bbox 272 1610 379 1750; x_wconf 49' lang='lat' dir='ltr'>m,</span> <span class='ocrx_word' id='word_1_73' title='bbox 403 1645 532 1711; x_wconf 85' lang='lat' dir='ltr'>inversa</span> <span class='ocrx_word' id='word_1_74' title='bbox 555 1642 671 1709; x_wconf 89' lang='lat' dir='ltr'>deinde</span> <span class='ocrx_word' id='word_1_75' title='bbox 693 1642 808 1731; x_wconf 83' lang='lat' dir='ltr'>regula</span> <span class='ocrx_word' id='word_1_76' title='bbox 830 1645 973 1713; x_wconf 86' lang='lat' dir='ltr'>rationes</span> <span class='ocrx_word' id='word_1_77' title='bbox 995 1647 1065 1716; x_wconf 85' lang='lat' dir='ltr'>ficri</span> <span class='ocrx_word' id='word_1_78' title='bbox 1088 1652 1173 1719; x_wconf 71' lang='lat' dir='ltr'>ride</span> 
     </span>
    </p>
   </div>
   <div class='ocr_carea' id='block_1_7' title="bbox 626 1787 715 1839">
    <p class='ocr_par' dir='ltr' id='par_1_7' title="bbox 626 1787 715 1839">
     <span class='ocr_line' id='line_1_13' title="bbox 626 1787 715 1839; baseline 0.011 -1"><span class='ocrx_word' id='word_1_79' title='bbox 626 1787 715 1839; x_wconf 75' lang='lat'>421</span> 
     </span>
    </p>
   </div>
   <div class='ocr_carea' id='block_1_8' title="bbox 145 1822 1172 1915">
    <p class='ocr_par' dir='ltr' id='par_1_8' title="bbox 145 1822 1172 1915">
     <span class='ocr_line' id='line_1_14' title="bbox 145 1822 1172 1915; baseline 0.004 -26"><span class='ocrx_word' id='word_1_80' title='bbox 145 1845 219 1889; x_wconf 87' lang='lat' dir='ltr'>mus</span> <span class='ocrx_word' id='word_1_81' title='bbox 259 1822 585 1908; x_wconf 78' lang='lat' dir='ltr'>superparticulares:</span> <span class='ocrx_word' id='word_1_82' title='bbox 775 1843 834 1888; x_wconf 89' lang='lat' dir='ltr'>nec</span> <span class='ocrx_word' id='word_1_83' title='bbox 865 1824 972 1891; x_wconf 88' lang='lat' dir='ltr'>minus</span> <span class='ocrx_word' id='word_1_84' title='bbox 1004 1848 1172 1915; x_wconf 87' lang='lat' dir='ltr'>superpar-</span> 
     </span>
    </p>
   </div>
   <div class='ocr_carea' id='block_1_9' title="bbox 142 1873 1178 3135">
    <p class='ocr_par' dir='ltr' id='par_1_9' title="bbox 142 1873 1178 3135">
     <span class='ocr_line' id='line_1_15' title="bbox 626 1873 729 1927; baseline -0.01 0"><span class='ocrx_word' id='word_1_85' title='bbox 626 1880 644 1927; x_wconf 78' lang='lat'>4</span> <span class='ocrx_word' id='word_1_86' title='bbox 663 1879 680 1927; x_wconf 82' lang='grc'><strong>6</strong></span> <span class='ocrx_word' id='word_1_87' title='bbox 699 1873 729 1926; x_wconf 76' lang='lat'>9⁸</span> 
     </span>
     <span class='ocr_line' id='line_1_16' title="bbox 146 1965 1172 2051; baseline 0.008 -19"><span class='ocrx_word' id='word_1_88' title='bbox 146 1966 265 2033; x_wconf 85' lang='lat' dir='ltr'>tientes</span> <span class='ocrx_word' id='word_1_89' title='bbox 298 1967 441 2032; x_wconf 88' lang='lat' dir='ltr'>rationes</span> <span class='ocrx_word' id='word_1_90' title='bbox 477 1987 515 2030; x_wconf 88' lang='lat' dir='ltr'>ex</span> <span class='ocrx_word' id='word_1_91' title='bbox 548 1965 615 2030; x_wconf 83' lang='lat' dir='ltr'>iln&#39;s</span> <span class='ocrx_word' id='word_1_92' title='bbox 647 1965 791 2031; x_wconf 85' lang='lat' dir='ltr'>numeris</span> <span class='ocrx_word' id='word_1_93' title='bbox 821 1968 938 2051; x_wconf 88' lang='lat' dir='ltr'>positis</span> <span class='ocrx_word' id='word_1_94' title='bbox 970 1973 1002 2033; x_wconf 91' lang='lat' dir='ltr'>et</span> <span class='ocrx_word' id='word_1_95' title='bbox 1039 1974 1172 2040; x_wconf 89' lang='lat' dir='ltr'>mutatis</span> 
     </span>
     <span class='ocr_line' id='line_1_17' title="bbox 145 2072 1173 2167; baseline 0.008 -28"><span class='ocrx_word' id='word_1_96' title='bbox 145 2074 342 2158; x_wconf 84' lang='lat' dir='ltr'>derivantur,</span> <span class='ocrx_word' id='word_1_97' title='bbox 366 2077 403 2138; x_wconf 92' lang='lat' dir='ltr'>ut</span> <span class='ocrx_word' id='word_1_98' title='bbox 427 2095 540 2139; x_wconf 89' lang='lat' dir='ltr'>omnes</span> <span class='ocrx_word' id='word_1_99' title='bbox 565 2072 806 2158; x_wconf 85' lang='lat' dir='ltr'>inaequalitatis</span> <span class='ocrx_word' id='word_1_100' title='bbox 828 2072 948 2140; x_wconf 87' lang='lat' dir='ltr'>formas</span> <span class='ocrx_word' id='word_1_101' title='bbox 966 2078 1058 2164; x_wconf 82' lang='lat' dir='ltr'>gigni</span> <span class='ocrx_word' id='word_1_102' title='bbox 1077 2103 1173 2167; x_wconf 85' lang='lat' dir='ltr'>eppa·</span> 
     </span>
     <span class='ocr_line' id='line_1_18' title="bbox 145 2179 1171 2273; baseline 0.01 -28"><span class='ocrx_word' id='word_1_103' title='bbox 145 2185 226 2248; x_wconf 84' lang='lat' dir='ltr'>reat.</span> <span class='ocrx_word' id='word_1_104' title='bbox 245 2203 285 2246; x_wconf 87' lang='lat' dir='ltr'>ex</span> <span class='ocrx_word' id='word_1_105' title='bbox 315 2182 385 2267; x_wconf 87' lang='lat' dir='ltr'>ipsa</span> <span class='ocrx_word' id='word_1_106' title='bbox 413 2179 636 2266; x_wconf 78' lang='lat' dir='ltr'>aequalitate².</span> <span class='ocrx_word' id='word_1_107' title='bbox 687 2203 768 2266; x_wconf 88' lang='lat' dir='ltr'>quas</span> <span class='ocrx_word' id='word_1_108' title='bbox 796 2203 899 2269; x_wconf 88' lang='lat' dir='ltr'>nugas</span> <span class='ocrx_word' id='word_1_109' title='bbox 926 2181 1014 2249; x_wconf 84' lang='lat' dir='ltr'>Theo</span> <span class='ocrx_word' id='word_1_110' title='bbox 1043 2208 1171 2273; x_wconf 92' lang='lat' dir='ltr'>quoquc</span> 
     </span>
     <span class='ocr_line' id='line_1_19' title="bbox 145 2286 1170 2372; baseline 0.009 -19"><span class='ocrx_word' id='word_1_111' title='bbox 145 2288 186 2353; x_wconf 89' lang='lat' dir='ltr'>ab</span> <span class='ocrx_word' id='word_1_112' title='bbox 207 2286 349 2354; x_wconf 81' lang='lat' dir='ltr'>Adrasto</span> <span class='ocrx_word' id='word_1_113' title='bbox 369 2287 484 2353; x_wconf 87' lang='lat' dir='ltr'>didicit</span> <span class='ocrx_word' id='word_1_114' title='bbox 503 2293 537 2353; x_wconf 89' lang='lat' dir='ltr'>et</span> <span class='ocrx_word' id='word_1_115' title='bbox 555 2288 791 2372; x_wconf 83' lang='lat' dir='ltr'>transscripsit:</span> <span class='ocrx_word' id='word_1_116' title='bbox 814 2311 895 2354; x_wconf 82' lang='lat' dir='ltr'>mus.</span> <span class='ocrx_word' id='word_1_117' title='bbox 915 2311 939 2354; x_wconf 94' lang='lat' dir='ltr'>c.</span> <span class='ocrx_word' id='word_1_118' title='bbox 955 2293 1006 2356; x_wconf 89' lang='lat'>51.</span> <span class='ocrx_word' id='word_1_119' title='bbox 1039 2297 1076 2358; x_wconf 91' lang='lat' dir='ltr'>ut</span> <span class='ocrx_word' id='word_1_120' title='bbox 1095 2317 1170 2362; x_wconf 84' lang='lat' dir='ltr'>vero</span> 
     </span>
     <span class='ocr_line' id='line_1_20' title="bbox 144 2395 1170 2481; baseline 0.009 -20"><span class='ocrx_word' id='word_1_121' title='bbox 144 2395 239 2461; x_wconf 85' lang='lat' dir='ltr'>Plato</span> <span class='ocrx_word' id='word_1_122' title='bbox 269 2398 303 2461; x_wconf 90' lang='lat' dir='ltr'>in</span> <span class='ocrx_word' id='word_1_123' title='bbox 330 2396 548 2481; x_wconf 77' lang='lat' dir='ltr'>Euthyprone</span> <span class='ocrx_word' id='word_1_124' title='bbox 576 2397 660 2461; x_wconf 86' lang='lat' dir='ltr'>dixit</span> <span class='ocrx_word' id='word_1_125' title='bbox 686 2418 797 2481; x_wconf 87' lang='lat' dir='ltr'>parem</span> <span class='ocrx_word' id='word_1_126' title='bbox 821 2419 990 2462; x_wconf 86' lang='lat' dir='ltr'>numerum</span> <span class='ocrx_word' id='word_1_127' title='bbox 1013 2422 1081 2466; x_wconf 85' lang='lat' dir='ltr'>esse</span> <span class='ocrx_word' id='word_1_128' title='bbox 1104 2405 1170 2470; x_wconf 76' lang='lat' dir='ltr'>loo</span> 
     </span>
     <span class='ocr_line' id='line_1_21' title="bbox 144 2504 1167 2590; baseline 0.007 -20"><span class='ocrx_word' id='word_1_129' title='bbox 144 2509 243 2588; x_wconf 78' lang='grc' dir='ltr'><strong><em>σκελῆ</em></strong></span> <span class='ocrx_word' id='word_1_130' title='bbox 268 2528 335 2589; x_wconf 87' lang='lat'>:::,</span> <span class='ocrx_word' id='word_1_131' title='bbox 358 2505 516 2589; x_wconf 88' lang='lat' dir='ltr'>imparem</span> <span class='ocrx_word' id='word_1_132' title='bbox 540 2506 708 2588; x_wconf 80' lang='grc' dir='ltr'><strong><em>σκαληνόν</em></strong></span> <span class='ocrx_word' id='word_1_133' title='bbox 732 2527 799 2588; x_wconf 84' lang='lat'>::.‚</span> <span class='ocrx_word' id='word_1_134' title='bbox 826 2504 873 2568; x_wconf 87' lang='lat' dir='ltr'>ita</span> <span class='ocrx_word' id='word_1_135' title='bbox 896 2526 1021 2590; x_wconf 87' lang='lat' dir='ltr'>semper</span> <span class='ocrx_word' id='word_1_136' title='bbox 1044 2512 1167 2577; x_wconf 85' lang='lat' dir='ltr'>veteres</span> 
     </span>
     <span class='ocr_line' id='line_1_22' title="bbox 146 2611 1170 2699; baseline 0.005 -21"><span class='ocrx_word' id='word_1_137' title='bbox 146 2632 356 2678; x_wconf 87' lang='lat' dir='ltr'>numerorum</span> <span class='ocrx_word' id='word_1_138' title='bbox 380 2613 496 2677; x_wconf 88' lang='lat' dir='ltr'>modos</span> <span class='ocrx_word' id='word_1_139' title='bbox 520 2634 593 2677; x_wconf 89' lang='lat' dir='ltr'>cnm</span> <span class='ocrx_word' id='word_1_140' title='bbox 616 2611 777 2677; x_wconf 83' lang='lat' dir='ltr'>linearum</span> <span class='ocrx_word' id='word_1_141' title='bbox 800 2634 1033 2699; x_wconf 87' lang='lat' dir='ltr'>corporumque</span> <span class='ocrx_word' id='word_1_142' title='bbox 1056 2615 1170 2684; x_wconf 86' lang='lat' dir='ltr'>formis</span> 
     </span>
     <span class='ocr_line' id='line_1_23' title="bbox 145 2719 1169 2809; baseline 0.007 -24"><span class='ocrx_word' id='word_1_143' title='bbox 145 2719 379 2805; x_wconf 87' lang='lat' dir='ltr'>comparabant</span> <span class='ocrx_word' id='word_1_144' title='bbox 405 2723 438 2785; x_wconf 91' lang='lat' dir='ltr'>et</span> <span class='ocrx_word' id='word_1_145' title='bbox 462 2719 544 2785; x_wconf 88' lang='lat' dir='ltr'>alios</span> <span class='ocrx_word' id='word_1_146' title='bbox 566 2741 719 2784; x_wconf 87' lang='lat' dir='ltr'>numeros</span> <span class='ocrx_word' id='word_1_147' title='bbox 743 2719 893 2785; x_wconf 89' lang='lat' dir='ltr'>dicebant</span> <span class='ocrx_word' id='word_1_148' title='bbox 914 2720 1063 2809; x_wconf 88' lang='lat' dir='ltr'>lineares,</span> <span class='ocrx_word' id='word_1_149' title='bbox 1088 2724 1169 2792; x_wconf 85' lang='lat' dir='ltr'>alios</span> 
     </span>
     <span class='ocr_line' id='line_1_24' title="bbox 143 2826 1168 2920; baseline 0.008 -30"><span class='ocrx_word' id='word_1_150' title='bbox 143 2826 326 2914; x_wconf 86' lang='lat' dir='ltr'>triangulos</span> <span class='ocrx_word' id='word_1_151' title='bbox 428 2829 508 2911; x_wconf 31' lang='grc' dir='ltr'>ῥ’,</span> <span class='ocrx_word' id='word_1_152' title='bbox 541 2827 718 2913; x_wconf 85' lang='lat' dir='ltr'>quadratos</span> <span class='ocrx_word' id='word_1_153' title='bbox 756 2826 837 2892; x_wconf 87' lang='lat' dir='ltr'>alios</span> <span class='ocrx_word' id='word_1_154' title='bbox 873 2828 922 2893; x_wconf 88' lang='lat' dir='ltr'>vcl</span> <span class='ocrx_word' id='word_1_155' title='bbox 958 2834 1168 2920; x_wconf 86' lang='lat' dir='ltr'>pentagonos,</span> 
     </span>
     <span class='ocr_line' id='line_1_25' title="bbox 143 2934 1178 3025; baseline 0.008 -27"><span class='ocrx_word' id='word_1_156' title='bbox 143 2954 202 2998; x_wconf 88' lang='lat' dir='ltr'>nec</span> <span class='ocrx_word' id='word_1_157' title='bbox 239 2934 461 2998; x_wconf 84' lang='lat' dir='ltr'>abhorrebant</span> <span class='ocrx_word' id='word_1_158' title='bbox 499 2957 518 2998; x_wconf 85' lang='lat' dir='ltr'>a</span> <span class='ocrx_word' id='word_1_159' title='bbox 555 2956 791 3021; x_wconf 83' lang='lat' dir='ltr'>sexagenorum</span> <span class='ocrx_word' id='word_1_160' title='bbox 829 2935 878 3001; x_wconf 83' lang='lat' dir='ltr'>vel</span> <span class='ocrx_word' id='word_1_161' title='bbox 910 2934 1178 3025; x_wconf 73' lang='lat' dir='ltr'>heptagonorum</span> 
     </span>
     <span class='ocr_line' id='line_1_26' title="bbox 142 3041 1167 3135; baseline 0.007 -29"><span class='ocrx_word' id='word_1_162' title='bbox 142 3041 378 3127; x_wconf 84' lang='lat' dir='ltr'>speculatione,</span> <span class='ocrx_word' id='word_1_163' title='bbox 413 3043 511 3106; x_wconf 87' lang='lat' dir='ltr'>etiem</span> <span class='ocrx_word' id='word_1_164' title='bbox 545 3042 585 3106; x_wconf 89' lang='lat' dir='ltr'>ad</span> <span class='ocrx_word' id='word_1_165' title='bbox 620 3043 750 3106; x_wconf 85' lang='lat' dir='ltr'>tertiam</span> <span class='ocrx_word' id='word_1_166' title='bbox 784 3041 971 3108; x_wconf 87' lang='lat' dir='ltr'>distantiam</span> <span class='ocrx_word' id='word_1_167' title='bbox 1003 3049 1167 3135; x_wconf 88' lang='lat' dir='ltr'>progressi</span> 
     </span>
    </p>
   </div>
   <div class='ocr_carea' id='block_1_10' title="bbox 142 3195 358 3204">
    <p class='ocr_par' dir='ltr' id='par_1_10' title="bbox 142 3195 358 3204">
     <span class='ocr_line' id='line_1_27' title="bbox 142 3195 358 3204; baseline 0 -1"><span class='ocrx_word' id='word_1_168' title='bbox 142 3195 358 3204; x_wconf 68' lang='lat'>—--—--——</span> 
     </span>
    </p>
   </div>
   <div class='ocr_carea' id='block_1_11' title="bbox 139 3271 1164 3775">
    <p class='ocr_par' dir='ltr' id='par_1_11' title="bbox 139 3271 1164 3775">
     <span class='ocr_line' id='line_1_28' title="bbox 217 3271 1164 3353; baseline 0.01 -28"><span class='ocrx_word' id='word_1_169' title='bbox 217 3271 366 3326; x_wconf 85' lang='lat' dir='ltr'>lNiccm.</span> <span class='ocrx_word' id='word_1_170' title='bbox 391 3272 544 3325; x_wconf 79' lang='lat'><strong>117-23.</strong></span> <span class='ocrx_word' id='word_1_171' title='bbox 579 3271 730 3353; x_wconf 46' lang='lat' dir='ltr'>Iambl3p.</span> <span class='ocrx_word' id='word_1_172' title='bbox 751 3276 873 3329; x_wconf 80' lang='lat'><strong>48-60.</strong></span> <span class='ocrx_word' id='word_1_173' title='bbox 911 3274 988 3330; x_wconf 81' lang='lat' dir='ltr'>Boot.</span> <span class='ocrx_word' id='word_1_174' title='bbox 1013 3275 1164 3335; x_wconf 77' lang='lat' dir='ltr'>Iar-81.</span> 
     </span>
     <span class='ocr_line' id='line_1_29' title="bbox 142 3341 1163 3413; baseline 0.006 -15"><span class='ocrx_word' id='word_1_175' title='bbox 142 3341 267 3398; x_wconf 81' lang='lat' dir='ltr'>Cassiod.</span> <span class='ocrx_word' id='word_1_176' title='bbox 287 3361 314 3413; x_wconf 85' lang='lat' dir='ltr'>p.</span> <span class='ocrx_word' id='word_1_177' title='bbox 331 3349 391 3398; x_wconf 74' lang='lat'>570.</span> <span class='ocrx_word' id='word_1_178' title='bbox 430 3343 509 3399; x_wconf 85' lang='lat' dir='ltr'>Theo</span> <span class='ocrx_word' id='word_1_179' title='bbox 533 3344 604 3399; x_wconf 89' lang='lat' dir='ltr'>baec</span> <span class='ocrx_word' id='word_1_180' title='bbox 628 3342 750 3398; x_wconf 82' lang='lat' dir='ltr'>remittit</span> <span class='ocrx_word' id='word_1_181' title='bbox 773 3344 809 3399; x_wconf 86' lang='lat' dir='ltr'>ad</span> <span class='ocrx_word' id='word_1_182' title='bbox 829 3347 918 3400; x_wconf 84' lang='lat' dir='ltr'>artem</span> <span class='ocrx_word' id='word_1_183' title='bbox 938 3345 1073 3402; x_wconf 86' lang='lat' dir='ltr'>musicam</span> <span class='ocrx_word' id='word_1_184' title='bbox 1092 3365 1114 3405; x_wconf 89' lang='lat' dir='ltr'>c.</span> <span class='ocrx_word' id='word_1_185' title='bbox 1130 3355 1163 3404; x_wconf 75' lang='lat'>22</span> 
     </span>
     <span class='ocr_line' id='line_1_30' title="bbox 140 3415 1160 3504; baseline 0.001 -36"><span class='ocrx_word' id='word_1_186' title='bbox 140 3415 186 3486; x_wconf 83' lang='lat' dir='ltr'>(cf.</span> <span class='ocrx_word' id='word_1_187' title='bbox 206 3420 348 3503; x_wconf 27' lang='lat' dir='ltr'>nunquit).</span> <span class='ocrx_word' id='word_1_188' title='bbox 384 3415 744 3482; x_wconf 68' lang='lat' dir='ltr'>Martianus5&#39;lt‘l-767.</span> <span class='ocrx_word' id='word_1_189' title='bbox 1074 3489 1081 3503; x_wconf 26' lang='grc' dir='ltr'><em>α</em></span> <span class='ocrx_word' id='word_1_190' title='bbox 1154 3490 1160 3504; x_wconf 36' lang='lat'>⁸</span> 
     </span>
     <span class='ocr_line' id='line_1_31' title="bbox 141 3486 1163 3643; baseline 0.006 -30"><span class='ocrx_word' id='word_1_191' title='bbox 141 3486 832 3642; x_wconf 50' lang='lat' dir='ltr'>exceiptbms‘ielblarbrtilffll&#39;nb&#39;eglgrbitffl&#39;</span> <span class='ocrx_word' id='word_1_192' title='bbox 852 3488 1163 3643; x_wconf 34' lang='lat' dir='ltr'>qfflgmcfflgqa</span> 
     </span>
     <span class='ocr_line' id='line_1_32' title="bbox 139 3629 1159 3711; baseline 0.008 -28"><span class='ocrx_word' id='word_1_193' title='bbox 139 3629 238 3711; x_wconf 81' lang='lat' dir='ltr'>bibere</span> <span class='ocrx_word' id='word_1_194' title='bbox 263 3630 321 3684; x_wconf 89' lang='lat' dir='ltr'>iam</span> <span class='ocrx_word' id='word_1_195' title='bbox 346 3630 477 3686; x_wconf 77' lang='lat' dir='ltr'>diximus.</span> <span class='ocrx_word' id='word_1_196' title='bbox 516 3648 575 3686; x_wconf 85' lang='lat' dir='ltr'>rem</span> <span class='ocrx_word' id='word_1_197' title='bbox 599 3635 680 3686; x_wconf 80' lang='lat' dir='ltr'>novrt</span> <span class='ocrx_word' id='word_1_198' title='bbox 697 3647 749 3685; x_wconf 86' lang='lat' dir='ltr'>nec</span> <span class='ocrx_word' id='word_1_199' title='bbox 767 3634 863 3687; x_wconf 85' lang='lat' dir='ltr'>tamen</span> <span class='ocrx_word' id='word_1_200' title='bbox 881 3637 990 3688; x_wconf 76' lang='lat' dir='ltr'>invenit</span> <span class='ocrx_word' id='word_1_201' title='bbox 1009 3634 1159 3705; x_wconf 57' lang='lat' dir='ltr'>Archytam</span> 
     </span>
     <span class='ocr_line' id='line_1_33' title="bbox 139 3702 788 3775; baseline 0.005 -19"><span class='ocrx_word' id='word_1_202' title='bbox 139 3702 206 3757; x_wconf 76' lang='lat' dir='ltr'>nde</span> <span class='ocrx_word' id='word_1_203' title='bbox 227 3718 328 3757; x_wconf 87' lang='lat' dir='ltr'>comm.</span> <span class='ocrx_word' id='word_1_204' title='bbox 348 3703 378 3756; x_wconf 91' lang='lat' dir='ltr'>in</span> <span class='ocrx_word' id='word_1_205' title='bbox 397 3703 471 3758; x_wconf 89' lang='lat' dir='ltr'>Ptol.</span> <span class='ocrx_word' id='word_1_206' title='bbox 491 3703 580 3758; x_wconf 89' lang='lat' dir='ltr'>barm.</span> <span class='ocrx_word' id='word_1_207' title='bbox 600 3723 627 3775; x_wconf 91' lang='lat' dir='ltr'>p.</span> <span class='ocrx_word' id='word_1_208' title='bbox 644 3709 696 3759; x_wconf 71' lang='lat'>230</span> <span class='ocrx_word' id='word_1_209' title='bbox 715 3703 788 3759; x_wconf 88' lang='lat' dir='ltr'>med.</span> 
     </span>
    </p>
   </div>
   <div class='ocr_carea' id='block_1_12' title="bbox 0 0 1238 3870">
    <p class='ocr_par' dir='ltr' id='par_1_12' title="bbox 0 0 1238 3870">
     <span class='ocr_line' id='line_1_34' title="bbox 0 0 1238 3870; baseline 0 3"><span class='ocrx_word' id='word_1_210' title='bbox 0 0 1238 3870; x_wconf 95' lang='lat' dir='ltr'> </span> 
     </span>
    </p>
   </div>
  </div>
 </body>
</html>
