2466 3870
106 119 149 183 14
284 89 287 93 ’
392 92 608 185 nmmos:
635 72 714 169 AB.
735 78 831 183 τ-ιι.
1001 104 1007 153 ’-
1102 68 1147 171 J]

106 287 225 357 λεκτος.
281 286 389 360 φωνεῖ
416 270 478 358 μέν
510 268 573 339 οὖν
604 269 718 337 οὐδενὶ
748 283 818 337 τῶν
846 274 959 340 ἄλλον
986 278 1118 361 μορίων

105 382 216 451 οὐδὲν·
233 383 320 462 πλὴν
345 387 391 467 τῷ
418 376 581 462 φάρυγγι·
609 376 662 441 διὸ
689 375 752 441 ὅσα
775 376 822 461 μὴ
843 378 910 461 ἔχει
931 381 1117 465 πνεύμονα,

105 485 184 556 οὐδὲ
212 483 406 569 φθέγγεται·
435 480 639 558 διάλεκτος
660 476 699 547 δὲ
719 480 741 564 ἡ
763 490 823 565 τῆς
844 491 959 565 φωνῆς
980 484 1051 550 ἐστι
1074 495 1116 573 τῇ

103 593 231 676 γλώττῃ
261 587 474 672 διάρθρωσις.
519 587 559 653 τὰ
585 584 647 673 μὲν
673 582 738 655 οὖν
764 589 940 671 φωνήεντα
965 587 988 670 ἡ
1015 590 1115 673 φωνὴ

102 694 190 761 καὶδ
210 692 333 776 λάρυγξ
351 691 501 777 άφίησιν,
518 694 559 759 τὰ
576 689 615 759 δὲ
632 693 753 778 ἄφωνα
770 690 816 780 (p
831 689 927 779 535⁵)
944 692 966 776 ἡ
984 698 1116 776 γλῶττα
1142 722 1152 765 τ

103 800 221 867 καὶτὰ
243 804 346 885 χείλη·
369 798 403 879 ἐξ
426 793 475 867 ὧν
496 801 517 884 ἡ
540 802 710 879 διάλεκτός
732 800 833 867 ἐστιν.

170 940 230 1029 (7.)
240 942 271 1007 V
282 946 332 1030 14,
343 945 374 1009 4.
387 966 418 1029 p.
429 942 547 1009 545·¹⁴.
565 942 623 1021 Ὡς
635 940 697 1029 μὲν
710 938 775 1010 οὖν
788 941 842 1009 ἐπὶ
853 942 891 1009 τὸ
900 946 997 1028 πολὺ,
1009 942 1116 1009 καθά-

102 1072 163 1134 περ
187 1056 330 1135 εἴπομεν,
353 1048 504 1136 διαφέρει
526 1050 547 1133 ἡ
570 1050 667 1134 φυυη
686 1059 755 1115 τῶν
773 1047 951 1135 ἀρρένων
967 1047 1024 1116 ινδ
1042 1062 1113 1117 τῶν

102 1161 249 1241 θηλειῶν
267 1157 304 1222 ἐν
321 1165 367 1245 τῷ
380 1156 599 1241 βαρύτερον
617 1153 829 1239 φθέγγεσθαι
847 1156 888 1222 τὰ
906 1154 1032 1241 ἄρρενα
1044 1169 1115 1224 τῶν

101 1267 265 1346 θηλειῶν,
291 1262 380 1328 ὅσων
402 1264 493 1327 ἔστιν
519 1260 709 1338 άπδτασις
730 1270 790 1345 τῆς
811 1270 936 1345 φωνῆς.
980 1262 1022 1327 οὐ
1044 1265 1113 1348 μὴν
1128 1288 1152 1329 ιο

102 1368 140 1435 έν
166 1373 251 1435 πᾶσί
273 1391 312 1451 γε
337 1379 408 1444 τοῖς
433 1364 543 1455 ζβοις,
568 1364 642 1433 ἀλλ’
672 1366 775 1443 ἐνίοις
796 1366 1010 1450 τούναντίον,
1038 1360 1115 1434 οἷον

102 1472 156 1540 έπλ
180 1485 247 1540 τῶν
269 1477 367 1557 βοῶν.
404 1469 458 1538 ἐπὶ
480 1473 544 1555 γάρ
567 1472 695 1537 τούτων
717 1472 756 1537 τὸ
777 1475 869 1555 θῆλυ
891 1481 952 1537 τοῦ
971 1471 1115 1557 ἄρρενος

102 1581 287 1665 βαρύτερον
310 1577 492 1662 φθέγγεται
514 1575 569 1643 καὶ
592 1578 628 1643 οί
646 1580 764 1663 μόσχοι
786 1588 854 1643 τῶν
876 1581 1021 1644 τελείων.
1057 1580 1113 1646 διὸ

101 1684 157 1752 καὶ
186 1687 245 1762 τὰς
271 1685 386 1770 φωνὰς
412 1685 452 1750 τά
480 1683 697 1769 έκτεμνδμενα
724 1680 989 1768 μεταβάλλουσιν
1015 1684 1112 1753 έναν-

102 1796 192 1869 τίως·
220 1794 267 1868 είς
294 1791 330 1856 τὸ
356 1793 447 1874 θῆλυ
469 1790 533 1875 γὰρ
555 1790 796 1874 μεταβάλλουσι
819 1789 860 1855 τὰ
883 1789 1112 1876 έιιτεμνόμενα.
1126 1818 1152 1859 ιι

169 1896 231 1984 (VI
255 1898 345 1981 10,4
367 1919 396 1960 v.
420 1894 504 1960 infra
525 1919 555 1980 p.
575 1894 641 1983 35.)

168 2036 228 2126 (8.)
250 2037 357 2124 VIII,
373 2041 401 2102 1.
424 2061 454 2122 p.
469 2034 587 2102 581·¹².
615 2035 699 2123 Περὶ
722 2033 759 2103 δὲ
782 2038 841 2102 τὸν
863 2038 966 2102 αὐτὸν
987 2041 1112 2123 χρόνον

102 2144 162 2227 (ἐν
179 2156 249 2220 τοῖς
267 2146 351 2209 έτεσι
370 2157 439 2220 τοῖς
458 2142 510 2219 δὶς
527 2140 605 2206 ἑπτὰ
618 2141 860 2226 τετελεσμένοις
873 2151 918 2229 τῷ
933 2144 1072 2229 ἄρρενι)
1090 2147 1113 2229 ἥ

101 2275 136 2316 τε
159 2251 268 2335 φωνὴ
294 2248 510 2334 μεταβάλλειν
537 2250 670 2334 ἄρχεται
693 2247 747 2313 ἐπὶ
769 2250 806 2314 τὸ
829 2251 1032 2334 τραχύτερον
1054 2251 1112 2317 καλ

101 2355 381 2442 άνωμαλέστερον,
405 2354 471 2423 οὔτ’
501 2358 548 2420 ἔτι
571 2353 659 2433 ὀξεῖα
681 2351 781 2438 οὖσα,
809 2356 886 2420 οὔτε
908 2379 959 2421 πω
983 2360 1110 2443 βαρεῖα,
1124 2385 1152 2424 ιο

101 2464 178 2529 οὔτε
205 2476 293 2529 πᾶσα
319 2462 438 2547 ὁμαλή,
470 2461 539 2526 ἀλλ’
571 2462 669 2546 ὁμοία
696 2460 881 2547 φαινομένη
908 2476 980 2540 ταῖς
1005 2486 1111 2548 παρα-

100 2568 369 2654 νενευρισμέναις
389 2567 444 2634 καὶ
467 2571 632 2651 τραχείαις
654 2569 801 2653 χορδαῖς·
829 2568 847 2634 ὃ
870 2575 1010 2634 καλοῦσι
1032 2595 1110 2656 τρα-

100 2679 212 2759 γιζειν.
225 2725 233 2741 .
248 2727 255 2740 .
270 2726 277 2740 .
292 2678 321 2742 3.
337 2728 343 2740 .
358 2727 364 2740 .
381 2728 387 2740 .
405 2674 461 2740 καί
484 2685 552 2750 τοῖς
570 2677 754 2756 θήλεσιν..
774 2673 818 2762 (p.
833 2673 928 2763 581b)
944 2728 951 2740 .
967 2729 973 2740 .
989 2729 995 2741 .
1013 2676 1069 2743 καὶ
1088 2679 1108 2762 ἡ

100 2784 197 2867 φωνή
224 2805 259 2848 τε
285 2781 340 2847 καὶ
366 2795 437 2858 ταῖς
464 2779 558 2847 παισὶ
585 2784 779 2865 μεταβάλλει
805 2780 881 2868 περὶ
903 2784 963 2847 τὸν
985 2786 1109 2869 χρόνον

99 2897 221 2955 τοῦτον
244 2887 297 2953 έπὶ
319 2889 356 2954 τὸ
379 2889 572 2976 βαρύτερον.
608 2888 692 2967 ὅλως
714 2885 776 2974 μέν
799 2890 862 2974 γὰρ
881 2891 966 2972 γυνὴ
985 2888 1108 2975 ἀνδρὸς
1122 2915 1149 2955 τε

100 2992 362 3082 ὀξυφωνότερον,
381 2997 417 3060 αἱ
435 2991 472 3060 δὲ
492 2992 563 3059 νέαι
581 3005 648 3060 τῶν
666 2994 910 3082 πρεσβυτέρων,
930 2994 1038 3082 ὥσπερ
1053 2998 1109 3062 καὶ

101 3103 137 3168 οί
156 3102 272 3177 παῖδες
294 3112 361 3167 τῶν
383 3101 529 3185 ἀνδρῶν·
553 3098 621 3165 ἀλλ’
650 3103 741 3167 ἔστιν
763 3100 783 3183 ἡ
808 3102 904 3186 φωνὴ
927 3099 1064 3188 ὀξυτέρα
1087 3104 1108 3186 ἡ

99 3218 167 3273 τῶν
189 3212 337 3291 θηλειῶν
358 3208 488 3271 παίδων
507 3206 528 3289 ἢ
545 3218 613 3272 τῶν
632 3206 793 3293 ἀρρένων,
814 3194 870 3272 καὶ
888 3208 906 3273 ὁ
925 3207 1108 3294 παρθένιος

99 3315 218 3392 αὐλὸς
239 3324 300 3379 τοῦ
322 3314 478 3378 παιδικοῦ
502 3311 661 3398 ὀξύτερος.

172 3478 205 3527 10
220 3471 361 3532 διπότασις.
381 3467 415 3522 ef.
431 3485 503 3536 quae
518 3468 664 3523 attulimus
679 3467 718 3521 ad
730 3467 834 3526 librum
848 3471 883 3527 de
897 3471 993 3527 anima
1006 3472 1032 3526 H
1042 3477 1066 3541 8,
1082 3479 1106 3528 9.

496 3595 708 3609 ——d-
