2466 3870
562 129 691 197 isagoge.
1073 129 1135 191 175

111 294 267 377 isagogen
290 291 445 374 scriptam
469 292 532 355 rati
557 292 796 355 coniunxerunt
820 313 894 355 cum
918 295 1049 359 canonis
1071 314 1137 358 seo

109 398 207 461 tione.
245 396 345 461 etiam
358 394 567 463 ‘Passerinus
585 398 621 464 in
634 396 858 463 Bibliothecae
877 396 1014 465 selectae
1026 398 1137 469 11260

110 503 190 568 dicit
220 524 257 569 se
288 524 328 571 ex
355 503 535 571 vaticanae
567 505 786 572 bibliothecae
817 526 855 571 ac
887 504 995 571 Fulvii
1023 504 1136 573 Ursini

109 612 340 697 manuscriptis
376 612 466 679 codd.
503 613 599 679 edere
630 612 778 679 Euclidis
813 612 991 678 musicam?
1036 612 1134 679 Meib.

109 716 151 781 ad
178 717 236 784 Ar.
264 720 323 797 Qu.
352 722 427 787 208.
479 720 525 783 ‘at
558 719 681 784 ibidem
713 719 810 803 paulo
842 726 919 805 post
951 724 984 785 et
1015 742 1045 805 p.
1069 722 1134 787 257

110 825 264 911 opinatur
286 826 370 892 hanc
393 825 671 892 introductionem
699 824 919 891 harmonicam
948 826 1057 910 potius
1080 827 1137 893 tri·

108 930 270 997 bnendnm
292 954 363 997 esse
384 930 498 1016 Pappa
517 931 759 997 Alexandrino'.
796 936 912 997 anctus
934 938 1043 999 autem
1066 939 1137 1001 erat

108 1040 208 1105 variis
235 1037 316 1105 locis
344 1039 413 1105 eius
444 1044 554 1105 textus
582 1040 703 1122 verbis,
736 1061 818 1125 (puae
844 1040 931 1123 apud
958 1038 1135 1107 Aristidem

108 1146 160 1211 vel
181 1145 383 1231 Bryemrium
412 1147 609 1233 invenimus,
625 1147 815 1231 iisdemque
842 1148 1012 1213 sententiis
1039 1150 1135 1213 aucta

107 1257 159 1319 est
189 1255 325 1343 isagoge
356 1255 391 1319 in
422 1253 562 1319 Vulcani
600 1254 710 1319 codice
743 1253 962 1341 Lugdunensi.
1016 1253 1051 1319 in
1081 1252 1134 1319 his

107 1360 241 1427 scholiis
268 1382 344 1427 oum
371 1362 452 1428 insit
474 1362 639 1427 sententia
666 1364 769 1445 λόγον
796 1360 837 1427 δέ
857 1385 943 1447 φημι
966 1363 1028 1446 τὴν
1050 1364 1134 1449 πρὸς

107 1468 236 1553 ἄλληλα
260 1470 346 1537 κατὰ
372 1467 523 1555 ἀριθμὸν
549 1467 667 1554 σχέσιν
693 1465 752 1556 (ud
773 1489 800 1533 c.
817 1468 841 1533 4
859 1468 942 1556 fin),
975 1468 1064 1535 rides
1091 1468 1133 1536 ab

106 1574 360 1641 introductionis
392 1581 526 1642 auctore
557 1576 638 1643 haec
670 1598 742 1642 esse
772 1575 885 1641 aliena.
938 1575 1134 1641 Meibomius

106 1682 222 1747 iisdem
253 1683 421 1748 codicibus
452 1684 558 1769 nisus,
592 1705 675 1769 quos
704 1682 746 1748 ad
775 1684 952 1749 sectionem
978 1682 1133 1749 edendam

106 1788 270 1876 adhibuit,
297 1788 444 1855 Euclidis
471 1811 592 1856 nomen
619 1790 799 1875 inscripsit,
832 1812 1028 1876 quamquam
1055 1789 1134 1856 Vul-

107 1898 179 1963 caui
206 1897 322 1983 codex,
349 1898 401 1963 oui
430 1898 571 1963 maximo
599 1897 733 1983 fidebat,
764 1896 913 1963 exhibuit
935 1895 1132 1985 Ἀνιινύμου

107 2006 273 2089 εἰσαγωγὴ
296 2004 468 2090 ἁρμονική.
505 2002 609 2090 Pappi
629 2007 786 2093 isagogen
804 2010 959 2090 tanquam
978 2005 1132 2071 ineditam

106 2110 137 2177 J.
159 2111 199 2177 A.
219 2110 351 2177 Cramer
373 2135 458 2177 anno
485 2115 570 2180 1839
596 2114 776 2198 publicavit
800 2114 833 2177 in
856 2113 1022 2178 imecdotis
1044 2110 1133 2178 Pari-

107 2220 187 2284 sinis
210 2217 225 2283 I
248 2242 278 2303 p.
298 2222 350 2284 47.
398 2219 437 2284 do
465 2220 573 2284 Ruelli
603 2222 750 2286 versione
779 2220 895 2307 gallica
925 2243 951 2283 v.
975 2219 1068 2304 proll.
1092 2219 1132 2284 ad

106 2326 284 2392 Euclidem.
617 2392 620 2397 ,

174 2432 392 2499 Consentiunt
419 2440 527 2500 autem
555 2436 634 2500 libri
663 2437 873 2520 manuscripti
905 2440 941 2499 ut
969 2436 1003 2500 in
1026 2434 1132 2521 titulo,

106 2542 153 2605 ita
168 2543 202 2607 in
216 2542 389 2607 verborum
405 2547 569 2608 contextu.
600 2545 656 2627 qui
671 2545 756 2609 enim
768 2542 953 2607 Cleonidem
968 2547 1131 2607 auctorem

106 2648 224 2733 ferunt,
242 2648 345 2735 Neap.
359 2649 456 2715 Barb.
472 2650 558 2715 Ricc.
574 2650 656 2735 Par,
676 2652 698 2715 ii
718 2672 829 2715 omnes
849 2650 1003 2715 exhibent
1017 2651 1051 2714 in
1070 2672 1095 2715 o.
1113 2653 1128 2715 l

105 2760 294 2843 θεωρητική
317 2781 367 2842 τε,
396 2760 554 2824 omittunt
576 2757 734 2824 Mcibomi
758 2757 864 2841 ἐστιν,
887 2762 1077 2822 enumerant
1098 2780 1130 2824 rr.

106 2876 230 2948 γενῶν,
257 2888 289 2931 ιι.
312 2869 520 2950 μελοποιίας,
548 2889 581 2931 ιι.
605 2867 759 2950 evectio,
788 2866 821 2929 in
845 2886 869 2929 c.
893 2868 912 2929 2
937 2865 1057 2930 habent
1080 2888 1157 2959 teg

105 2978 228 3037 τᾱσθαι
262 2971 371 3057 ΝΒΡ,
405 2974 438 3037 iu
471 2996 497 3038 e.
523 2976 543 3039 3
573 2973 661 3038 εἰσὶν
689 2975 725 3040 οἱ
748 2970 810 3057 μὲν
841 2972 877 3037 ἐν
908 2981 954 3060 τῷ
987 2974 1130 3060 διατόνῳ

106 3078 194 3163 γένει
223 3101 348 3163 omnes,
377 3081 412 3144 in
441 3082 531 3145 exitu
560 3084 669 3164 capti
694 3102 805 3145 omnes
834 3080 955 3143 hubent
977 3100 1075 3145 sonos
1098 3084 1131 3145 et

105 3187 321 3252 chromaticos
340 3191 373 3251 et
392 3184 439 3274 (N
446 3187 519 3274 BP)
540 3187 700 3271 diatonos,
720 3189 818 3251 etiam
838 3188 894 3271 qui
912 3186 1030 3252 absunt
1049 3210 1069 3252 a
1087 3186 1131 3273 M,

105 3293 417 3380 inc.6(p.189,1o)
438 3293 469 3358 N
476 3293 535 3359 BP
555 3296 713 3359 omittunt
733 3294 812 3359 duas
832 3294 942 3378 lineas,
960 3297 1031 3359 uta
1049 3296 1131 3379 χρώ-

104 3427 205 3488 ματος
219 3402 253 3467 in
272 3402 409 3467 altorum
424 3403 597 3487 χρώματος
617 3403 744 3485 saliant,
764 3401 885 3466 habent
899 3403 1074 3486 παρυπάιη
1093 3401 1130 3467 ἐν

106 3512 238 3577 dictator
268 3510 310 3575 ib.
330 3528 363 3576 ‘21
388 3509 494 3596 ΝΒΡ,
523 3510 597 3575 dein
626 3510 661 3576 τὸ
691 3508 728 3575 δὲ
756 3510 911 3594 ἡμιόλιον
938 3508 994 3574 καὶ
1022 3511 1130 3575 δίεσιν
