2466 3870
89 119 243 176 66666
394 101 598 176 adeodatus
618 73 822 197 66666666..

66 284 90 352 ⁸)
104 289 244 363 Aristide,
267 309 293 346 v.
317 306 345 361 p.
365 285 433 344 LIV
454 286 485 341 et
506 280 566 338 tab.
585 279 608 336 I.
628 280 666 353 II,
689 280 765 337 unde
789 284 930 344 concludo
954 307 1021 345 eum
1044 304 1111 345 oon-

103 377 214 452 spirare
239 395 305 433 cum
328 373 401 431 Uen.
427 371 498 428 322.
538 368 604 426 erat
626 367 698 425 olim
721 367 866 427 Samuelis
885 371 985 446 Petiti,
1008 375 1112 449 postea

103 465 193 523 Wolfi
212 454 329 542 (Jahn).
364 456 482 528 Omont,
503 455 660 529 uanoque
677 457 728 515 dos
747 457 947 529 bibliotheculae
964 462 1014 519 des
1030 463 1112 521 villos

102 552 304 620 tousdatiqacs
324 538 494 623 (06666666.
517 544 538 615 f.
564 542 773 602 Bibliotbelcaw.
796 538 895 625 1890)
921 548 992 605 368.
1016 567 1043 605 6.
1061 550 1110 606 69.

65 630 90 701 b)
172 635 277 693 Hamb.
306 632 398 689 Math.
423 631 473 690 fol.
496 631 549 690 III.
580 633 623 691 ch.
652 631 680 691 S.
700 632 777 691 XVI.
808 633 915 708 Porph.
940 634 958 691 l.
983 634 997 691 I
1020 639 1051 692 et
1072 635 1110 692 II.

103 722 221 785 Omont.
243 723 314 780 365.
347 741 374 779 6.
394 722 445 780 46.

65 810 88 874 a)
170 811 210 869 Ib.
227 810 318 868 Math.
338 802 380 868 4⁰.
401 809 429 869 S.
440 810 532 869 XVII.
565 811 644 870 Herc
664 832 779 888 pneum.
795 810 858 872 Om.
871 814 944 886 367,
959 833 986 870 n.
998 813 1047 871 51.
1060 813 1109 870 52.

65 898 88 962 ⁸)
170 899 211 958 Ib.
235 899 327 958 Math.
361 892 402 959 4⁰.
437 899 465 958 S.
484 899 577 958 XVII.
608 900 697 959 Theo.
746 898 809 958 Om.
834 901 871 958 ib.
897 903 946 959 54.

65 989 88 1051 2)
169 989 334 1067 Hamburgi
357 988 389 1046 in
411 988 514 1046 eadem
535 986 714 1046 bibliotheca
737 991 823 1045 erant
844 989 916 1047 olim
939 1007 989 1047 sex
1011 993 1110 1065 partes

102 1076 218 1152 codicis,
242 1096 329 1152 quem
353 1094 430 1134 nunc
448 1077 605 1132 numerant
625 1076 807 1148 109-111,
830 1076 902 1134 olim
926 1078 992 1135 366
1017 1080 1109 1138 1-6.

102 1166 194 1226 chart.
218 1159 253 1224 4⁰
275 1165 345 1221 min.
370 1163 398 1220 S.
413 1161 621 1220 XVI-XVII
667 1162 715 1221 hic
739 1163 810 1238 quid
832 1165 929 1239 prima
951 1167 983 1223 et
1005 1166 1110 1242 quinta

102 1249 202 1330 parte¹
227 1251 408 1311 continuerit
430 1251 541 1324 nescio,
569 1250 640 1325 quia
666 1250 753 1310 hodie
777 1251 988 1312 desiderantur.
1035 1255 1065 1313 in
1090 1256 1108 1312 2

101 1343 205 1399 insunt
226 1339 371 1398 Bacchius
395 1341 427 1397 et
447 1338 622 1399 Mesomedis
645 1339 748 1416 hymni
770 1340 786 1397 I
808 1341 924 1417 aliquot
946 1360 1056 1417 versus,
1079 1343 1111 1400 in

104 1432 122 1488 3
147 1429 306 1505 Aristides,
333 1429 365 1487 in
393 1430 413 1487 4
438 1425 634 1502 Gaudentius,
662 1428 693 1486 in
718 1431 735 1488 6
765 1429 925 1504 aliquando
949 1430 1017 1488 lecti
1041 1433 1111 1488 sunt

102 1518 182 1577 Theo
206 1520 237 1576 et
259 1517 380 1593 Pappus
402 1515 438 1574 de
461 1517 581 1575 musica.
622 1534 692 1575 nam
715 1517 877 1574 Buecheler
898 1517 965 1575 inde
989 1518 1110 1577 Bacchii

101 1610 216 1665 textum
238 1609 269 1664 et
291 1605 466 1665 Mesomedis
489 1623 590 1663 versus
612 1605 822 1679 transscripsit,
846 1605 1008 1664 Aristidem
1031 1605 1109 1665 Gau·

102 1695 234 1753 dentium
258 1694 409 1752 Thoonem
431 1692 566 1768 Pappum
595 1685 651 1772 (=
670 1685 855 1775 (lleonidem)
883 1695 1109 1772 diligentissime

102 1783 241 1856 excussit,
269 1782 347 1840 idem
376 1781 414 1838 ad
437 1779 636 1839 Gaudentium
661 1781 790 1839 notavit:
817 1782 944 1842 collatus
967 1803 1033 1842 cum
1057 1803 1108 1843 66.

101 1872 207 1930 Η666.
233 1872 298 1930 366
322 1874 355 1944 4,
384 1889 471 1946 quem
499 1868 594 1927 Lucas
617 1869 788 1928 Holstenius
816 1871 990 1930 confecerat.
1041 1875 1111 1931 sunt

102 1964 202 2018 autem
226 1978 326 2017 omnes
354 1961 454 2033 partes
477 1958 579 2015 eadem
602 1977 692 2016 manu
715 1962 860 2017 exaratae.
907 1960 1110 2036 Eyssenhardt

102 2051 202 2106 tamen
221 2047 417 2106 bibliothecae
432 2046 607 2121 praefectus,
626 2048 677 2121 qui
695 2049 777 2105 1889
794 2046 828 2105 de
843 2051 927 2123 parte
943 2049 973 2105 Π
987 2053 1108 2126 rogatus

102 2137 175 2194 mihi
193 2137 310 2194 litteras
329 2135 419 2209 dedit,
438 2135 473 2192 de
490 2135 598 2192 codicis
613 2139 731 2194 auctore
748 2136 849 2210 tacuit,
868 2139 898 2193 et
912 2137 994 2194 Aem.
1011 2136 1107 2213 Geyso

103 2226 154 2302 qui
179 2228 262 2283 1894
287 2227 386 2299 partes
410 2242 485 2298 quae
509 2224 664 2281 exstabant
687 2225 879 2298 perlustravit
901 2225 1037 2284 Holsteni
1062 2227 1108 2284 vel

102 2314 185 2372 aliud
208 2333 315 2372 nomen
338 2331 368 2370 se
392 2313 537 2371 invenisse
561 2316 658 2389 negat.

168 2403 240 2460 Pars
268 2403 298 2459 II
325 2421 392 2461 cum
414 2401 510 2458 multa
533 2401 673 2459 lemmata
696 2402 804 2458 habeat
825 2402 856 2458 in
880 2402 1033 2461 Bacchio
1060 2396 1110 2484 (ut

102 2489 170 2568 ὅρος
189 2482 342 2570 φθόγγου)
362 2490 453 2547 minio
473 2490 610 2563 ascripta,
629 2489 780 2547 simillima
799 2494 843 2548 est
831 2490 996 2549 tParisino
1013 2492 1107 2565 2532,

101 2579 279 2656 tesingulis
301 2578 388 2636 rebus
406 2570 616 2636 consideratis²
634 2578 773 2635 facillime
793 2579 847 2635 tibi
866 2580 1055 2653 persuadebis
1074 2601 1108 2639 ex

101 2669 157 2727 hoc
188 2668 255 2726 Par.
287 2685 348 2725 esse
376 2667 582 2725 Bacchiumt
569 2667 793 2740 transscriptum
796 2668 930 2742 .quod
963 2669 1040 2726 idem
1073 2669 1107 2726 de

101 2757 211 2832 hymno
234 2755 409 2814 Mesomedis
433 2756 504 2812 mihi
527 2756 668 2855 persuasi,
691 2713 848 2830 postquam
873 2756 989 2814 litterae
1014 2759 1108 2816 cuius-

101 2846 171 2903 dam
203 2863 221 2902 a
248 2845 455 2902 Bellermanno
489 2862 546 2901 non
574 2845 653 2902 visae
682 2845 808 2921 vestigia
835 2844 956 2903 Parisiis
984 2838 1108 2903 deteril

174 2984 187 3030 1
207 2975 304 3031 Fuisse
323 2977 390 3031 ibi'
382 2995 412 3030 1n
431 2981 510 3046 parte
525 2977 550 3029 V
568 2976 622 3046 Bry
625 2977 722 3031 annius
741 2976 858 3031 videtur.
887 2995 952 3030 666
966 2979 1106 3050 Peterson,

104 3048 256 3104 Gescbc'ebtc
270 3049 369 3103 derH.
386 3047 530 3129 Stcdtbibl
545 3051 636 3117 (1838)
656 3049 728 3101 hunc
743 3050 885 3101 enumerat
898 3067 923 3118 p
940 3055 1000 3104 206.
1024 3051 1106 3118 (Jahn

102 3119 139 3173 ad
157 3119 309 3173 Aristidem
327 3119 408 3186 LIII.)
444 3119 477 3172 in
492 3138 518 3189 p.
533 3119 545 3171 I
565 3119 683 3173 fortasse
702 3117 757 3171 fuit
770 3117 958 3174 Aristoxenus.

172 3196 188 3243 2
213 3189 326 3244 Omittit
348 3189 374 3242 H
397 3206 453 3245 non
475 3190 565 3243 solum
588 3206 661 3258 quae
680 3189 753 3242 Mon.
773 3188 795 3243 0
815 3189 910 3244 omrsrt
928 3191 1020 3259 (Boeh.
1040 3193 1105 3264 Arg.

102 3266 180 3324 1890.
203 3280 229 3331 p.
247 3260 315 3330 27⁶),
335 3260 385 3314 sed
403 3277 457 3315 om
476 3258 509 3313 ai
525 3264 590 3314 ante
609 3262 670 3331 βαρ.
691 3266 755 3327 292,
769 3275 789 3328 6,
808 3257 944 3315 habetis
962 3267 1053 3331 μελῶν
1072 3281 1105 3333 ιι,

101 3315 189 3387 66666
210 3348 304 3386 mesae
326 3334 424 3385 notam
447 3348 531 3385 unam
552 3333 581 3398 Ψ
602 3336 667 3400 294,
682 3349 695 3385 ι
717 3333 746 3384 66
768 3304 815 3384 Ζ’Ζ
839 3332 923 3387 oar
911 3335 1010 3400 o(om.
1034 3337 1104 3405 καί),

102 3419 155 3458 om.
174 3405 238 3457 τίνα
255 3411 343 3456 ταῦτα
363 3407 423 3471 296,
439 3419 458 3456 2.
487 3401 581 3457 omnia
595 3419 657 3456 cum
672 3401 722 3455 illo
736 3401 797 3454 Par
812 3418 893 3470 quem
910 3402 1103 3472 signabamQ

172 3473 280 3528 avide
298 3447 466 3529 Jahrbscior
483 3475 531 3541 sur
551 3475 700 3543 Philolopie
718 3492 744 3526 a.
766 3472 796 3526 P.
818 3479 867 3527 141
887 3477 989 3543 (1890),
1010 3482 1085 3530 681
