2466 3870
100 99 165 182 xlv
268 199 270 202 y
361 90 857 197 11666111611161116111166116116.4
933 92 954 192 ,-

69 306 83 348 ’.
103 297 152 355 hic
175 297 358 371 Franciscns,
382 296 434 370 qui
452 295 488 351 de
505 313 537 351 re
556 292 661 350 uxoria
678 290 785 348 librum
804 293 965 355 Laurentio
984 295 1115 354 Mediceo

69 384 88 446 l)
104 378 271 442 dedicavIt¹
294 383 497 459 plurimasque
520 378 663 452 epistulas
687 378 805 452 scripsit
827 400 901 453 qnae
921 384 1002 457 typis
1019 383 1115 458 publi-

103 476 188 530 catae
217 465 314 543 sunt2,
343 469 473 528 codicem
497 484 550 522 suo
574 483 654 522 more
678 459 832 541 signavit³
872 469 967 526 tribus
991 472 1115 530 saeculis

104 564 173 634 post
195 559 246 615 ille
270 556 345 613 liber
368 554 427 611 suit
448 555 479 609 in
503 552 683 610 monastario
707 552 735 610 S.
759 553 913 612 Michaelis
936 576 1027 631 prope
1051 559 1115 616 Mu-

103 665 216 704 ranum.
259 640 417 698 Mittarelli
440 641 528 715 enim,
551 641 603 715 qui
626 660 704 700 anno
726 643 808 701 1779
832 642 920 700 huius
944 647 1115 702 monasterii

104 733 218 791 codices
246 747 361 786 summa
389 747 460 788 cura
488 733 519 788 et
546 730 703 809 diligentia
730 731 898 806 descripsit,
926 732 1020 790 inesse
1043 732 1116 789 dicit

103 821 134 876 in
158 837 185 874 n.
212 818 253 876 83
279 810 320 897 (p.
342 811 422 900 973)
450 819 538 894 Ptol,
561 819 678 896 Porph,
701 820 772 895 AQ,
796 820 895 896 „Plut
919 821 951 879 in
974 821 1115 880 musicam

106 905 296 982 Ptolemaei“,
320 908 488 968 Bacchium.
531 909 609 967 idem
629 929 695 969 curn
713 909 805 967 addat
822 929 898 984 quae
917 911 1067 968 Barbarus
1084 911 1115 967 in

104 995 184 1054 calce
219 996 328 1055 codicis
362 999 525 1072 notaverit,
563 998 640 1056 hunc
673 998 769 1072 ipsum
800 998 929 1056 codicem
959 1017 989 1056 se
1019 1000 1113 1057 dicere

105 1085 266 1144 clarissime
304 1085 460 1161 significat
522 1103 665 1159 quaerens
706 1085 825 1158 quidem
861 1103 920 1159 qua
956 1086 1006 1142 via
1041 1086 1115 1143 liber

103 1174 261 1231 Muranum
284 1173 398 1229 venisse
422 1175 553 1246 putetur,
575 1171 744 1229 recordetur
766 1172 892 1230 forsitan
916 1172 1025 1247 aliquis
1048 1173 1113 1247 loci,

106 1280 162 1336 quo
192 1261 382 1317 Franciseum
409 1259 562 1317 monachis
589 1257 861 1318 Gamaldolensibus
886 1261 978 1319 libros
1001 1279 1114 1320 summa

103 1339 285 1406 liberalitate
310 1347 509 1406 commodasse
533 1346 664 1407 Joannes
684 1349 869 1425 Augustinus
891 1341 1006 1430 (1141)
1030 1369 1114 1426 prac-

104 1438 195 1510 dicet,
225 1436 303 1494 unde
331 1435 444 1495 factum
472 1436 524 1511 sit,
551 1439 587 1493 ut
612 1437 699 1495 multi
728 1437 810 1495 illins
839 1437 907 1496 libri
937 1442 1041 1513 postea
1070 1439 1113 1496 in-

104 1525 276 1583 venirentur
312 1525 343 1582 in
379 1524 504 1583 Murano
542 1526 734 1600 monasterio,
758 1558 799 1566 -
823 1527 879 1584 hoc
910 1529 1010 1583 tamen
1043 1545 1112 1585 cave

104 1615 214 1670 reseras
238 1613 276 1670 ad
299 1613 376 1670 hunc
399 1612 616 1686 Ptolemaeum,
640 1633 725 1688 quem
749 1613 904 1671 Mittarelli
928 1618 1060 1688 emptum
1082 1616 1112 1673 in

104 1701 265 1759 monasteri
298 1700 508 1758 bibliothecam
539 1719 568 1757 se
599 1701 755 1759 contulisse
786 1701 831 1758 ait
860 1695 902 1780 (p
921 1696 1029 1782 XVH).
1082 1704 1113 1760 in

105 1790 159 1846 illa
187 1792 286 1846 autem
314 1788 413 1846 insula
440 1806 506 1846 cum
533 1787 610 1845 male
634 1788 701 1846 libri
724 1791 835 1846 servari
858 1791 1037 1865 dicerentur,
1065 1791 1113 1848 de-

105 1877 225 1936 66116111
244 1876 350 1935 Veneti
370 1877 496 1934 61789
518 1877 670 1934 transferri
688 1878 837 1935 iusserunt
854 1879 885 1936 in
904 1880 1113 1937 bibliothecam

104 1966 287 2025 Marcianam
312 1958 382 2045 (hoc
404 1964 476 2022 mihi
500 1967 728 2023 communicavit
752 1960 904 2047 Soranzo).

170 2055 257 2112 Hunc
282 2053 309 2108 V
337 2057 372 2110 ut
398 2054 429 2110 in
456 2053 631 2111 Mesomedis
658 2055 775 2129 hymnis
802 2056 995 2130 plurimorum
1024 2057 1111 2114 libro-

103 2163 168 2200 rum
205 2161 267 2199 esse
303 2142 496 2215 archetypum
529 2145 654 2215 apparet
685 2163 700 2199 e
732 2143 932 2200 Bellermanni
965 2140 1112 2219 meisque⁴

104 2233 181 2290 curis
204 2236 235 2289 ct
258 2234 359 2306 aperte
383 2230 464 2287 vides
484 2250 499 2287 e
519 2231 622 2287 tabula
640 2236 741 2289 nostra
759 2232 797 2306 ΙΙ,
818 2233 922 2289 -ita
943 2233 972 2289 in
993 2233 1111 2291 Bacchii

104 2323 244 2378 contextu
276 2319 452 2378 recensendo
485 2319 678 2393 plurimorum
709 2340 774 2378 eum
805 2339 866 2379 esse
897 2327 1012 2395 patrem
1041 2322 1110 2379 vidi.

104 2410 139 2467 os.
168 2410 246 2466 enim
275 2412 405 2483 praeter‘
420 2411 557 2465 notarum
586 2410 761 2467 musicarum
790 2403 918 2467 fonnas⁵
945 2410 1033 2467 verba
1057 2408 1111 2467 ἀπ-

98 2648 104 2662 ’·
177 2638 189 2682 1
211 2629 329 2699 Scripsit
348 2628 512 2682 adulescens
532 2629 621 2682 XVIII
641 2646 774 2682 annorum
795 2635 870 2684 1516.
904 2647 1048 2700 expressus
1068 2633 1111 2684 est

104 2700 220 2754 Parisiis
241 2706 321 2769 1613,
341 2701 493 2770 Hagenoac
518 2705 598 2768 1533,
624 2700 792 2771 Antrerpiae
813 2719 832 2755 s.
849 2717 882 2765 6.,
902 2702 1016 2771 Argent.
1032 2708 1109 2769 1612,

104 2771 220 2826 Amstcl.
238 2770 539 2839 1636-16161161161.
555 2771 622 2824 Vcn.
640 2777 715 2839 1648,
730 2771 832 2842 gallice
849 2777 924 2826 1637.
941 2778 1016 2826 1660.
1034 2779 1109 2826 1667.

175 2849 191 2896 2
214 2842 259 2898 Fr.
278 2842 396 2896 Barbari
419 2841 555 2912 epistolae
574 2841 610 2895 ab
629 2859 701 2895 anno
722 2848 868 2897 uas-53.
902 2842 1012 2897 Brixiae
1033 2849 1107 2896 1763.

104 2914 139 2968 ed
158 2912 280 2981 Quirini,
300 2913 334 2967 ci.
354 2932 380 2983 p.
396 2913 467 2980 XIII,
485 2914 536 2965 not
554 2919 578 2966 4.

175 2989 191 3037 6
210 2985 269 3052 „In
282 2983 355 3037 libro
369 2983 543 3037 continetur“
558 2983 649 3036 redire
663 2983 744 3037 video
756 2983 786 3037 in
795 2983 932 3054 Porphyri
943 2985 1012 3050 cod,
1026 3001 1109 3052 quem

104 3055 239 3109 describit
263 3053 412 3108 Mittarelli
434 3053 503 3106 bibl.
528 3053 553 3106 S.
579 3053 724 3107 Michaelis
747 3072 773 3107 n.
794 3061 835 3121 67,
860 3075 885 3124 p.
906 3061 965 3108 956.
986 3055 1109 3121 -,,1616

103 3126 192 3180 libcr“
219 3126 277 3179 1616
305 3141 415 3194 semper
440 3123 595 3194 inscripsit,
621 3123 699 3177 cuius
726 3124 767 3177 rei
793 3125 858 3178 vide
883 3125 1009 3194 exempla
1032 3127 1107 3195 apud

103 3199 202 3252 Joann.
221 3197 266 3250 Au
307 3199 340 3249 st.
359 3195 385 3248 Π
403 3196 486 3247 laet
504 3194 610 3249 Mittar.
630 3213 655 3262 p.
675 3194 758 3248 XVII.

174 3267 275 3322 41166
296 3267 381 3334 cisen,
400 3266 568 3320 Jahrcacher
587 3270 662 3319 1890.
692 3270 750 3319 681.

175 3345 191 3392 6
214 3338 247 3391 In
269 3336 382 3407 singula
405 3336 487 3406 signa
510 3336 641 3389 abierunt
663 3340 747 3391 notae
767 3343 781 3390 1
800 3340 987 3407 ρ.693,16(ξ
1006 3337 1109 3407 legitur

103 3410 133 3465 in
146 3408 327 3476 11616711)
345 3411 374 3462 et
392 3414 475 3460 notae
494 3414 517 3461 4.
548 3411 576 3472 {t
595 3407 680 3461 habet
697 3424 792 3462 recens
809 3408 858 3462 ille
877 3409 962 3464 Maro.
982 3427 1007 3476 p.
1023 3414 1109 3475 694,6

104 3485 134 3536 ct
153 3501 174 3549 φ
193 3496 243 3550 pro
263 3497 288 3533 n.
309 3485 333 3546 8,
353 3495 426 3548 quae
445 3495 478 3532 61
497 3478 592 3531 formis
611 3479 712 3534 veteris
726 3478 752 3531 V
770 3480 808 3547 (in
823 3479 984 3534 Monacensi
1003 3483 1031 3533 et
1046 3479 1109 3533 aliis
