2466 3870
94 123 203 182 ‘XXXII
237 118 269 164 Γ
342 193 347 197 1
393 87 828 196 1)(111111111111111111111111111111111.Ι

100 316 216 371 quoque
241 297 344 371 primis
367 294 483 370 paginis
506 290 686 363 comparatis
704 309 740 347 ex
759 291 785 348 U
804 295 1016 370 transcriptum
1039 295 1110 369 vidi,

100 383 190 441 habet
213 385 291 441 enim
315 384 386 440 Bon.
411 381 484 436 duos
507 377 606 450 libros,
631 378 856 455 Πυθαγορικοῦ,
879 380 1040 462 ἁρμονικῆς
1062 381 1110 462 ἒμ-

100 472 249 550 χειρίδιον,
268 468 415 542 πλανήτας
435 466 546 537 236,1,
566 473 601 546 τῇ
623 475 663 537 10,
683 482 738 522 0111.
759 463 812 540 τὴν
833 468 958 541 11,111111.
978 467 1110 549 ἠυρὲθη-

101 575 157 616 σαν
183 569 228 629 12,
256 577 285 612 τε
311 566 355 627 19,
383 550 572 629 ὑπομνήματι
598 550 677 628 παρὰ
704 556 765 623 τοῖς
790 556 911 628 237,8,
939 557 1052 634 φορτίω
1077 571 1108 619 12

101 643 160 724 (ita
187 660 328 715 superscr.
357 663 376 699 ν
398 634 440 721 U)
467 637 665 719 ἀπερισπάτου
693 653 737 715 14,
766 640 945 701 διδασκάλου
969 646 1047 717 238,
1069 657 1109 718 19,

102 727 290 812 διῃρημένοις
312 727 362 787 καὶ
385 729 502 802 διεσιώς
526 732 638 806 239,1,
662 730 791 806 plurima
809 749 875 789 cum
895 730 967 805 Μῦς
991 728 1110 810 ἐγχειρί-

100 817 175 894 διον,
198 814 275 895 ἠυρ,
299 818 409 896 φορτία
432 820 549 896 proprie
573 839 639 880 curn
662 820 697 879 U.

167 907 307 966 Aristidis
344 911 459 984 partem
494 929 560 969 cum
591 911 808 984 comparaverit
841 909 1026 968 Studemund
1062 930 1109 967 ex·

101 996 237 1071 stentque
267 998 366 1056 variae
395 999 535 1057 lectiones
560 998 640 1074 apud
662 999 764 1056 Amsel
786 998 821 1056 de
845 1000 875 1057 vi
904 999 1110 1074 rhythmorum

101 1076 198 1164 (Vrat.
221 1079 320 1162 1887)
348 1087 407 1144 128
436 1079 524 1167 (sign
550 1080 599 1166 Z),
629 1086 714 1144 video
741 1086 819 1145 hunc
846 1088 1015 1162 conspirare
1043 1106 1109 1147 curn

101 1172 179 1247 Lips.
204 1175 250 1232 his
269 1174 368 1232 rebus2
387 1174 570 1251 φιλοσόφων,
588 1173 724 1252 μάθημα,
743 1178 832 1251 τιμῐα,
851 1174 972 1252 σχεδῶν,
991 1172 1109 1234 κάκεῖνο

100 1270 152 1338 τῆς
171 1259 283 1340 τέχνης,
301 1272 457 1342 γραφικῆς,
471 1267 651 1339 retroversa,
669 1271 824 1341 προιοῦσα,
842 1262 947 1339 σοφός,
961 1264 1110 1339 πανάκεω,

100 1347 173 1427 μέρη
197 1349 303 1426 μόνην,
325 1359 425 1427 ταῦτα,
447 1355 482 1409 ut
499 1351 648 1426 proximos
667 1369 716 1409 eos
734 1369 796 1409 esse
815 1355 846 1409 et
864 1352 1031 1410 simillimos
1050 1354 1110 1409 iam

101 1437 170 1495 hinc
193 1442 345 1513 appareat.
387 1442 476 1514 atque
500 1440 579 1514 quod
602 1440 694 1497 statui
718 1440 752 1498 de
776 1440 863 1497 huius
887 1438 1110 1498 11111Ιὶ111811-

102 1525 202 1584 dentio
226 1527 415 1600 Nicomacho,
438 1527 469 1585 id
492 1530 621 1585 statuere
645 1527 680 1584 de
700 1527 829 1584 Aristide
854 1527 974 1583 minime
998 1527 1109 1585 dubito.

102 1614 191 1672 immo
220 1615 314 1672 filium
341 1615 418 1673 hunc
445 1633 507 1672 esse
531 1615 637 1672 Ueneti
666 1617 728 1673 322
758 1615 830 1672 mihi
858 1616 991 1690 persuasi
1019 1616 1111 1674 etiam

102 1723 137 1760 ex
164 1704 304 1760 Aristidis
334 1702 571 1779 diagrammatiS,
603 1721 678 1776 quae
707 1703 833 1760 enotavi.
880 1704 1053 1778 conspirent
1079 1705 1111 1762 in

102 1791 248 1848 scalarum
272 1791 372 1849 ordine
395 1810 423 1865 p.
441 1792 479 1848 15
500 1790 586 1848 Meib.
606 1810 659 1849 nec
678 1791 774 1849 minus
793 1792 824 1848 in
842 1793 1110 1851 vetustissimorum

101 1879 263 1937 harmoniis
283 1899 309 1954 p.
326 1881 375 1936 22.
404 1897 473 1937 nam
487 1879 590 1937 eadem
605 1882 651 1937 est
663 1879 808 1937 linearum
822 1881 988 1955 dispositio,
1007 1882 1109 1939 eadem

102 1968 253 2044 signorum
281 1969 389 2043 forma,
422 1968 524 2026 eadem
552 1968 702 2041 exhibent,
734 1970 835 2026 eadem
864 1970 1020 2042 omittunt,
1054 1971 1109 2026 nisi

103 2056 181 2131 quod
205 2057 321 2133 signum
348 2060 388 2116 10
411 2058 440 2113 in
464 2057 536 2114 Bon.
561 2057 650 2130 paulo
679 2058 799 2131 propius
828 2058 964 2115 accedere
993 2058 1111 2115 videtur

102 2144 140 2201 ad
165 2163 186 2217 1,
213 2148 251 2202 15
277 2146 490 2203 adnumerum
515 2148 547 2219 6,
568 2147 608 2201 22
633 2148 678 2202 est
701 2143 741 2218 Υ,
765 2146 815 2202 sed
840 2148 879 2204 23
906 2149 951 2203 est
975 2148 994 2198 C
1018 2151 1053 2203 ut
1080 2147 1111 2202 in

101 2233 138 2307 U,
158 2236 198 2291 29
220 2236 252 2306 C,
273 2237 313 2292 33
333 2235 405 2292 Bon.
426 2234 546 2292 omittit
580 2235 610 2290 in
629 2237 737 2308 quarta
755 2233 834 2291 linea
848 2253 907 2291 non
922 2236 1022 2292 omnia
1037 2235 1109 2292 Bon.

101 2322 193 2380 habet
225 2341 299 2398 quae
328 2322 367 2397 U,
400 2323 450 2381 sed
482 2323 596 2380 remisit
623 2324 724 2397 aliqua
753 2323 784 2379 in
815 2325 847 2397 5,
878 2324 980 2381 eadem
1011 2328 1111 2382 temen

102 2411 242 2487 iungunt,
274 2413 376 2469 eadem
406 2411 510 2486 spatiis
541 2415 687 2486 separant
742 2413 864 2469 tertium
894 2413 1011 2488 signum
1042 2416 1110 2469 ante

102 2498 189 2556 finem
209 2500 262 2556 dat
276 2500 348 2558 Bon.
364 2503 397 2574 7,
416 2501 531 2574 reliqua
545 2503 680 2558 accurate
696 2501 881 2558 conveniunt
903 2533 944 2540 —
964 2500 1111 2558 Volumen

103 2597 125 2647 V
148 2588 266 2645 exhibet
289 2588 490 2646 Ptolemaeum
514 2592 545 2644 et
567 2588 771 2662 Porphyrium.
808 2588 1016 2646 Amsel-Stud.
1040 2592 1110 2647 121.

103 2677 216 2735 contuli
239 2679 338 2751 partes
361 2695 386 2734 a.
409 2678 500 2735 1889.

67 2780 89 2846 1)
170 2765 282 2823 Bonon.
317 2767 415 2838 2432,
447 2766 538 2823 chart.
571 2765 621 2822 fol.
653 2766 730 2823 hunc
761 2766 812 2823 Br.
839 2766 905 2823 Keil
938 2766 1051 2823 detexit
1082 2770 1112 2823 et

103 2854 176 2911 mihi
200 2854 363 2928 descripsit.
409 2854 487 2928 quod
510 2872 578 2912 vero
602 2854 695 2911 Italos
720 2874 835 2929 quoque
863 2855 909 2912 his
937 2855 1039 2912 diebus
1063 2855 1111 2912 de-

103 2943 263 3016 scripturos
287 2961 348 3000 esse
372 2961 465 3018 spero,
488 2943 519 2999 in
542 2942 748 3017 supplementa
770 2944 898 3000 remitto.

67 3037 91 3103 1)
172 3029 412 3108 Cantabrigae
449 3032 479 3089 in
516 3031 640 3108 collegio
675 3031 777 3089 Eman.
813 3050 873 3089 esse
907 3032 1017 3089 dieitur
1049 3031 1110 3100 AQ.

103 3119 217 3177 Fabric.
241 3119 310 3176 bibl.
334 3120 466 3179 111635.
503 3120 582 3178 Jahn
604 3122 692 3178 tacet.

67 3214 90 3279 1)
172 3206 385 3266 Coventriae
404 3213 470 3266 erat
482 3206 657 3283 „antiquus“
672 3208 780 3282 aliquis
794 3210 892 3281 codex,
913 3228 1000 3283 quem
1014 3209 1112 3286 Lang-

104 3296 220 3355 bainius
257 3298 396 3371 excussit,
431 3302 466 3355 ut
502 3297 675 3355 Meibomius
715 3299 848 3354 uteretur
889 3298 927 3354 ad
968 3297 1113 3356 edendum

105 3385 266 3444 Euclidem.
304 3389 401 3445 textus
424 3406 483 3445 non
506 3387 599 3444 multo
624 3387 707 3444 abest
729 3386 766 3443 ab
785 3385 826 3461 U,
849 3386 973 3445 lacunae
992 3389 1112 3447 caedem

103 3473 134 3530 in
157 3474 254 3534 Penae
280 3475 361 3534 Eucl.
386 3477 456 3551 158,
473 3489 512 3536 1'1.
540 3477 610 3549 160,
626 3487 649 3534 1.
