2466 3870
130 128 173 191 22
302 117 346 161 ·’
435 131 455 184 Ι.
475 129 648 183 Aristotelen.
676 128 707 181 E.
727 135 768 184 21.
789 96 830 183 22ss
923 165 929 171 -

132 289 169 356 δὲ
201 301 262 356 τοῦ
294 289 434 374 μέλανος
463 294 579 352 πλεῖον
610 289 658 351 ἔτι
688 295 733 373 τῷ
764 289 845 351 stoa
873 289 1023 375 διαφέρει
1051 291 1072 374 ἢ
1099 293 1137 358 τὸ

132 395 277 480 λευκόν),
301 397 348 456 έτι
367 392 408 455 άν
426 387 526 473 ἧττον
544 393 610 474 άμα
628 390 792 474 ἐνδέχοιτο
811 392 894 456 αὐτά
913 398 1138 463 αἰσθάνεσθαι

131 501 151 583 ἢ
175 503 214 564 τά
238 507 282 583 τῷ
308 496 395 578 γένει
418 496 528 560 ταύτά.
566 494 640 560 ὥστ’
669 499 700 560 εί
720 498 764 579 μὴ
786 505 898 579 ταῦτα,
921 499 992 562 οὐδ’
1019 501 1138 567 ἐκεῖνα.

199 604 232 666 '0
256 600 291 665 ol
316 601 454 683 λέγουσί
472 625 560 678 τινες
581 613 649 668 τῶν
670 601 744 688 περὶ
767 604 826 678 τὰς
848 609 1059 687 συμφωνίας,
1086 607 1138 671 ὃτι

130 709 200 792 οὐχ
229 709 306 791 ἅμα
337 704 398 792 μέν
425 708 644 792 ἀφικνοῦνται
673 710 708 775 οἱ
732 711 852 794 ψόφοι,
885 712 1062 793 φαίνονται
1090 711 1139 793 δέ,
1167 739 1177 777 τ

128 813 184 878 καὶ
213 814 391 899 λανθάνει,
418 815 498 882 όταν
525 816 542 882 ὁ
572 819 690 901 χρόνος
711 809 733 902 ᾗ
754 815 971 900 ἀναίσθητος,
997 820 1139 901 πότερον

130 919 242 1004 ὀρθῶς
270 920 397 1004 λέγεται
425 923 445 1007 ἦ
472 925 527 1003 οὔ;
555 923 636 1008 τάχα
662 925 725 1010 γάρ
752 923 795 989 όν
818 927 900 1007 φαίη
923 947 973 1000 τις
994 922 1050 989 καὶ
1073 933 1139 989 νῦν

128 1028 217 1110 παρὰ
237 1037 335 1094 τοῦτο
355 1031 466 1095 δοκεῖν
484 1031 550 1116 άμα
569 1029 651 1114 ὁρᾶν
668 1028 723 1095 καί
742 1029 887 1112 ἀκούειν,
906 1031 956 1096 ὅτι
970 1031 1006 1096 ol
1016 1028 1138 1114 μεταξὺ

127 1135 242 1217 χρόνοι
276 1135 513 1201 λανθάνουσιν.
563 1135 584 1218 ἢ
611 1134 699 1200 τοῦτ’
728 1137 790 1201 οὐκ
817 1134 954 1218 ἀληθές,
985 1134 1057 1201 οὐδ’
1086 1137 1139 1201 έν-

127 1238 255 1324 όέχεται
283 1245 404 1325 χρόνον
427 1237 512 1306 είναι
536 1240 741 1325 ἀναίσθητον
764 1242 885 1306 οὐδένα
908 1238 987 1308 οὐδὲ
1010 1241 1137 1307 λανθά-
1154 1268 1177 1306 ιο

126 1368 211 1428 νειν,
235 1346 318 1411 ἀλλὰ
341 1349 462 1424 παντὸς
485 1345 648 1431 ἐνδέχεται
672 1346 904 1412 αἰσθάνεσθαι.

482 1714 516 1781 Il.
540 1716 585 1780 De
607 1716 690 1780 artis
713 1733 780 1781 usn.

298 1872 378 1960 (21.)
408 1879 630 1940 Πολιτικῶν
652 1874 699 1938 IV
717 1877 746 1940 3.
770 1874 849 1938 VIII
869 1877 964 1941 5—8.

93 2025 112 2088 3
194 2016 249 2080 IV.
263 2040 292 2099 p.
307 2016 444 2082 1290211.
459 2016 654 2099 Ἀναγκαῖον
669 2017 732 2100 άρα
747 2021 911 2092 πολιτείας
922 2013 1006 2081 εἷναι
1016 2021 1135 2083 τοσαύ-

128 2148 196 2206 τας,
220 2124 294 2188 ὅσαι
320 2146 379 2208 περ
402 2122 508 2200 τάξεις
530 2124 610 2187 κατὰ
633 2125 690 2199 τάς
713 2122 874 2207 ὑπεροχάς
898 2127 960 2187 είσι
980 2122 1035 2187 καὶ
1054 2128 1136 2188 κατὰ
1152 2157 1177 2196 15

128 2233 186 2306 τὰς
210 2232 372 2315 διαφοράς
395 2240 461 2294 τῶν
481 2234 615 2315 μορίων.
656 2229 796 2313 μάλιστα
815 2226 852 2292 δὲ
871 2231 1030 2294 δοκοῦσιν
1050 2226 1135 2295 εἶναι

128 2338 201 2420 δύο,
220 2336 370 2421 καθάπερ
386 2335 438 2400 ἐπὶ
452 2347 519 2400 τῶν
534 2335 728 2419 πνευμάτων
743 2335 869 2417 λέγεται
883 2337 923 2399 τά
937 2333 997 2420 μὲν
1012 2339 1136 2419 βόρεια,

127 2443 167 2505 τὰ
197 2440 233 2505 δέ
261 2446 371 2524 νότια,
396 2444 435 2506 τά
464 2440 495 2505 δ’
525 2443 609 2505 ἄλλα
636 2443 763 2507 τούτων
791 2442 1019 2526 παρεκβάσεις
1048 2445 1135 2509 οὕτω

127 2546 182 2612 καὶ
197 2559 264 2612 τῶν
278 2554 452 2612 πολιτειῶν
467 2549 540 2630 δύο,
555 2550 657 2630 δῆμος
669 2547 723 2612 καὶ
739 2548 910 2631 ὀλιγαρχία
925 2598 931 2611 .
948 2598 955 2611 .
971 2599 977 2611 .
1014 2549 1136 2632 ὁμοίως

128 2651 156 2716 δ’
186 2656 251 2736 ἔχει
279 2653 334 2718 καὶ
361 2651 435 2738 περὶ
463 2655 520 2730 τὰς
549 2653 752 2738 ἁρμονίας,
781 2654 824 2729 ὡς
852 2658 937 2738 φασί
957 2676 1056 2730 τινες
1080 2656 1177 2726 καίεο

128 2761 191 2842 γὰρ
217 2760 285 2824 έκεί
305 2765 452 2824 τίθενται
478 2762 549 2843 είόη
569 2761 641 2843 δύο,
664 2763 723 2843 τὴν
743 2759 878 2842 δωριστὶ
897 2760 952 2824 καὶ
971 2762 1031 2843 τὴν
1051 2786 1136 2845 φρυ-

128 2871 232 2948 γιστί,
260 2868 299 2930 τά
327 2866 355 2929 δ’
384 2869 467 2931 άλλα
495 2869 706 2949 συντάγματα
733 2868 773 2931 τὰ
800 2865 860 2950 μέν
888 2868 1008 2949 όώρια,
1036 2870 1076 2931 τὰ
1099 2867 1136 2933 δὲ

200 3063 216 3110 4
232 3055 270 3111 Ὃ
290 3059 321 3111 δὲ
341 3057 452 3127 λέγουσί
468 3078 547 3120 τινες
585 3058 660 3125 quod
678 3058 854 3111 nesciverunt
873 3060 980 3112 veteres
999 3059 1136 3130 longiori-

129 3129 181 3182 bus
209 3128 291 3182 undis
320 3145 400 3183 sonos
429 3145 527 3199 graves
553 3129 607 3196 uli,
635 3129 696 3182 fieri
719 3146 774 3182 non
798 3129 891 3197 poluil
914 3129 982 3197 quin
1007 3131 1136 3184 nonnulli

130 3199 263 3254 docerent
285 3216 383 3254 sonum
407 3202 519 3254 neutum
541 3172 618 3269 priu’n
641 3200 678 3253 ad
697 3217 777 3253 aures
816 3199 948 3255 ervenire.
985 3200 1088 3269 quibus
1108 3205 1137 3256 et

129 3270 339 3340 Theophrastus
358 3271 429 3325 illud
448 3270 622 3337 ίοοταγοῦσιν
641 3218 1026 3352 opmeuil(lomh.'1nPwl
1041 3291 1067 3341 p.
1082 3279 1134 3326 243

129 3344 195 3410 post
208 3291 303 3410 pmed.‚
330 3342 395 3397 vide
422 3359 494 3410 qnae
522 3342 595 3395 infra
623 3341 782 3396 dicemus'
774 3359 803 3393 m
830 3341 935 3412 proleg.
965 3343 1001 3397 ad
1024 3343 1134 3430 probl.).

131 3417 146 3464 λ
166 3414 237 3482 τάχα
251 3413 304 3483 γάρ
319 3413 363 3469 ἂν.
391 3414 454 3468 illos
469 3413 518 3482 qni
532 3412 657 3481 sequitur
670 3413 747 3467 venit
761 3412 790 3464 in
805 3412 934 3467 absurda.
992 3420 1007 3467 9
1022 3435 1039 3481 η
1054 3414 1132 3468 τοῦτ’

129 3486 180 3537 οὐκ
200 3483 313 3553 ἀληθές.
350 3485 424 3539 falsa
442 3501 489 3539 eos
508 3486 631 3538 statuere
651 3486 775 3554 apparet.
