2466 3870
175 500 387 583 μικρόφωνα·
415 511 516 569 τοῦτο
544 500 582 569 δὲ
605 504 740 582 ύεῦδος.
786 506 893 567 αίτιον
914 499 945 567 δ’
974 501 1024 568 δτι
1047 502 1084 567 τὸ
1106 484 1222 585 μέγας

175 602 230 669 καλ
261 606 300 671 τὸ
331 609 454 693 μικρὸν
484 608 540 674 καὶ
570 610 607 675 τὸ
636 612 724 675 πολύ
756 605 811 675 καλ
842 607 879 673 τὸ
910 608 1026 693 ὀλίγον
1056 607 1097 672 τὰ
1128 603 1190 691 μὲν

176 708 287 790 ἁπλῶς
305 713 448 798 λέγεται,
465 715 507 780 τὰ
525 711 563 779 δὲ
581 714 679 797 πρὸς
697 716 854 798 ἄλληλα.
888 717 1110 800 μεγαλόφωνα
1127 708 1189 798 μὲν

176 812 238 884 ούν
269 819 362 887 ἐστιν
394 820 432 886 έν
464 828 510 905 τῷ
543 822 630 884 πολὺ
661 818 773 896 ἁπλῶς
802 816 887 885 εἶναι
914 822 951 886 τὸ
978 821 1189 906 κινούμενον,

151 954 164 995 ⁵
175 928 373 1010 μικρόφωνα
396 923 433 990 δὲ
452 933 498 1012 τῷ
517 923 645 1007 ὀλίγον,
668 925 883 1008 βαρύφωνα
901 923 938 991 δέ
954 925 1011 991 καὶ
1031 926 1189 1012 ὀξύφωνα

176 1030 212 1096 έν
237 1039 284 1117 τβ
310 1031 394 1114 πρὸς
417 1030 546 1113 ἄλληλα
568 1031 693 1113 ταύτην
716 1033 804 1114 ἔχειν
826 1031 886 1112 τὴν
908 1031 1085 1117 διαφοράν.
1131 1033 1189 1100 έάν

176 1133 236 1220 μὲν
253 1136 318 1220 γὰρ
341 1133 512 1223 ὑπερέχῃ
535 1138 573 1202 τὸ
590 1138 833 1221 κινούμενον
851 1144 917 1220 τῆς
934 1146 995 1202 τοῦ
1012 1149 1189 1217 κινοῦντος

177 1243 328 1327 ίσχύος,
356 1240 484 1326 ἀνάγκη
508 1239 658 1326 βραδέως
680 1242 843 1327 φέρεσθαι
865 1244 902 1308 τὸ
925 1246 1123 1329 φερόμενον·
1146 1247 1189 1311 δν

148 1428 151 1434 ¹
176 1346 210 1413 δ’
237 1346 452 1433 ύκερέχηται,
481 1347 619 1434 ταχέως·
647 1350 685 1415 τὸ
714 1348 743 1414 δ’
776 1351 893 1432 ίσχῦον
919 1350 976 1415 διὰ
1001 1350 1063 1433 τὴν
1091 1352 1189 1435 ίσχύν

142 1450 229 1526 ιιότδ
250 1451 312 1539 μὲν
335 1458 422 1520 κολύ
443 1464 565 1521 κινοῦν
588 1457 746 1540 βραδεῖαν
768 1458 939 1540 ποιεῖτὴν
960 1460 1109 1541 κίνησιν,
1134 1453 1188 1523 δτὲ

176 1556 213 1627 δὲ
234 1562 291 1628 διδ
313 1562 352 1628 τὸ
374 1571 510 1649 κρατεῖν
532 1573 675 1648 ταχεῖαν.
715 1563 798 1627 κατὰ
820 1562 879 1628 τὸν
901 1563 1003 1630 αύτόν
1026 1560 1064 1630 δὲ
1086 1566 1188 1647 λόγον

176 1665 230 1734 κοιλ
251 1678 321 1734 τῶν
342 1669 533 1735 κινούντων
555 1669 596 1733 τὰ
618 1666 746 1751 ἀσθενῆ
769 1667 809 1732 τὰ
831 1663 892 1751 μὲν
909 1672 1010 1734 κλείω
1028 1679 1188 1736 κινοῦντα

176 1783 232 1856 τῆς
258 1773 432 1860 δυνάμεως
459 1775 620 1861 βραδεῖαν
646 1774 819 1857 ποιεῖτὴν
842 1776 988 1858 κίνησιν,
1015 1776 1055 1839 τδι
1078 1771 1116 1841 δὲ
1138 1773 1185 1841 δι’

177 1879 355 1946 ἀσθένειαν
378 1880 476 1964 ὀλίγα
497 1889 658 1946 κινοῦντα
681 1891 823 1965 ταχεῖαν.
862 1880 911 1944 Λί
925 1876 986 1963 μὲν
1004 1875 1067 1946 ούν
1085 1883 1222 1948 αίτίαιό

142 2015 165 2057 ιι
177 1998 242 2052 τῶν
260 1986 490 2053 ἐναντιώσεων
504 1981 602 2053 αὗται
616 1996 678 2053 τοῦ
691 1989 772 2072 μήτε
785 1987 892 2053 πάντα
904 1987 945 2053 τὰ
957 1986 1017 2054 νέα
1031 1985 1188 2072 ὀξύφωνα

177 2088 261 2159 είναι
288 2095 369 2179 μήτε
396 2094 600 2178 βαρύφωνα,
627 2095 708 2179 μήτε
737 2095 778 2160 τὰ
800 2095 1020 2179 πρεσβύτερα,
1045 2096 1126 2179 μήτε
1148 2097 1188 2161 τδι

177 2199 300 2283 δββενα
323 2197 379 2267 καὶ
401 2201 525 2284 θήλεα,
552 2202 636 2286 ττρδς
659 2199 697 2266 δὲ
719 2202 850 2277 τούτοις
871 2199 926 2266 καὶ
948 2210 1009 2267 τοῦ
1031 2205 1110 2279 τοὺς
1131 2200 1188 2268 κοί-

175 2329 318 2389 μνοντας
337 2304 396 2385 ὀξὺ
416 2306 630 2391 φθέγγεσθαι
648 2305 705 2372 καὶ
723 2310 801 2383 τοὺς
820 2301 857 2371 εὖ
875 2307 913 2371 τὸ
932 2317 1025 2391 σῶμα
1043 2310 1188 2392 έχοντας,

176 2414 223 2477 ἔτι
246 2409 283 2476 δὲ
303 2411 360 2478 καὶ
378 2412 538 2498 γέροντας
556 2413 757 2497 γινομένους
774 2416 900 2497 μᾶλλον
917 2409 1189 2499 ὀξυφωνοτέρους

140 2546 164 2587 ιο
175 2521 342 2601 γίνεσθαι,
364 2528 422 2603 τῆς
440 2519 570 2602 ἡλικίας
588 2518 741 2595 έναντίας
759 2519 860 2601 οὔσης
877 2527 917 2603 τῇ
934 2529 1002 2583 τῶν
1020 2517 1116 2584 νέων.
1147 2521 1187 2585 τὰ
1206 2539 1222 2587 6

176 2620 235 2709 μὲν
258 2620 323 2691 ούν
345 2630 483 2691 πλεῖστα
506 2623 652 2711 νεώτερα
675 2628 756 2691 ὄντα
777 2624 833 2689 καὶ
854 2625 959 2707 θήλεα
977 2622 1023 2690 δι’
1043 2623 1188 2691 ὀδυνα-

175 2736 267 2815 μίαν
289 2731 431 2815 ὀλίγον
452 2741 613 2798 κινοῦντα
636 2731 717 2817 ύέρα
740 2730 896 2816 ὀξύφωνοί
918 2730 1000 2797 έστι·
1023 2735 1104 2817 ταχὺ
1124 2733 1186 2817 γὰρ

175 2837 193 2904 ὁ
220 2838 334 2921 ὀλίγος
362 2837 514 2924 φέρεται,
545 2841 583 2905 τὸ
613 2836 651 2905 δέ
678 2842 759 2923 ταχὺ
790 2836 848 2917 ὀξὺ
876 2837 913 2903 ἐν
940 2848 1044 2924 φωνῇ.
1091 2841 1126 2904 οί
1151 2837 1187 2905 δὲ

175 2948 290 3030 μόσχοι
314 2944 370 3010 καὶ
394 2947 432 3010 αί
447 2949 523 3029 βόες
543 2947 580 3011 αί
595 2949 740 3028 θήλειαι,
763 2947 799 3009 οί
814 2941 874 3028 μὲν
893 2945 949 3009 διὰ
966 2947 1027 3027 τὴν
1044 2944 1186 3028 ἡλικίαν,

139 3077 163 3118 ω
176 3051 212 3115 αί
227 3049 264 3117 δέ
283 3052 340 3116 διὰ
358 3054 421 3134 τὴν
439 3053 546 3136 φύσιν
565 3062 622 3135 τῆς
639 3053 827 3135 θηλύτητος
845 3051 905 3116 οὐκ
923 3052 1060 3135 ἰσχυρὸν
1074 3054 1187 3136 έχουσι

176 3159 211 3222 τὸ
238 3161 358 3241 μύρων
386 3150 413 3244 ςδ
435 3167 585 3241 κινοῦσι,
612 3161 699 3223 πολὺ
723 3154 760 3223 δὲ
783 3166 940 3222 κινοῦντα
962 3157 1187 3241 βαρύφθογγοί

176 3260 279 3328 ἑστιν·
307 3261 352 3349 (p.
369 3262 464 3351 787b)
493 3266 579 3349 βαρὺ
608 3266 672 3351 γὰρ
699 3266 736 3330 τὸ
764 3263 911 3349 βραδέως
937 3267 1138 3349 φερόμενον,
1167 3264 1185 3329 δ

175 3366 213 3434 δὲ
242 3374 348 3448 πολὺς
379 3370 442 3456 ἀὴρ
476 3371 612 3456 φέρεται
645 3370 802 3456 βραδέως.
850 3372 957 3436 τολὺν
989 3366 1026 3435 δέ
1051 3379 1184 3436 κινοῦσι

175 3485 292 3562 ταῦτα,
319 3478 359 3543 τὰ
383 3476 414 3542 δ’
443 3476 516 3544 ἄλλ’
545 3478 676 3561 ὀλίγον,
699 3478 755 3543 διδ
778 3478 815 3543 τὸ
841 3478 877 3542 τὸ
900 3474 1049 3561 ἀγγεῖον,
1072 3474 1117 3541 δι’
1144 3472 1185 3541 οὗ

247 3639 261 3686 7
285 3642 334 3688 τοῦ
357 3643 517 3704 κινοῦντος,
541 3634 576 3691 cf.
597 3634 671 3688 infra
690 3640 704 3701 5
724 3640 739 3688 6
763 3632 860 3703 μόριον
879 3627 900 3706 ᾦ
919 3642 1045 3689 κινοῦσιν
1064 3636 1093 3688 et
1111 3639 1126 3700 ξ
1142 3640 1184 3702 11,

175 3704 338 3776 pulmonem
357 3706 440 3776 dicit,
459 3710 492 3762 ut
511 3707 545 3762 de
565 3706 662 3762 anima
680 3706 744 3774 118,
760 3712 800 3760 11.
