2466 3870
569 117 781 188 Prolegomena.
817 84 820 88 λ
1128 117 1188 176 141

167 281 233 346 tori
271 281 329 365 qui
366 280 405 347 de
437 283 545 349 nemis
576 287 725 347 veterum
755 281 966 367 partibusque
997 302 1109 347 eorum
1142 300 1194 343 res

172 386 270 453 nobis
298 390 518 456 communicet
542 388 794 474 pretiosissimas
820 385 916 473 (Poll
934 390 987 455 66.
1005 386 1078 476 84),
1107 386 1196 473 piam

169 493 292 561 hahent
321 498 473 585 gratisne
523 493 729 561 Heraclidem
757 493 922 578 scripsisse
949 493 988 559 de
1013 494 1134 562 mundo
1161 497 1196 561 et

167 600 273 669 stellis
289 626 390 689 supro
407 626 439 689 p.
453 603 499 669 54
516 600 671 687 vidimus3
689 599 825 666 eundem
842 600 1007 685 scripsisse
1025 600 1064 666 de
1081 600 1196 667 Archi-

169 708 266 778 locho
295 713 330 777 et
351 710 498 777 Homero
525 708 630 773 libros
651 705 699 793 11,
725 706 897 792 περὶτῶν
923 707 999 793 παρ’
1026 708 1194 796 Εὐριπίδῃ

169 816 226 885 ml
248 821 427 902 Σοφοκλεῖ
446 815 481 880 ll.
500 812 564 901 ΙΙΙ,
592 815 675 881 elios
701 814 804 881 libros
829 814 977 881 laudatos
1003 838 1024 881 a
1049 814 1195 903 Diogene

171 922 271 991 V8‘l.
285 924 330 991 88
352 921 431 988 nolo
455 923 632 1007 praeterire
654 921 794 987 silentio.

237 1028 305 1096 Hic
340 1030 571 1116 consistamus3
606 1049 684 1095 nam
716 1029 773 1114 qui
804 1032 880 1114 post
911 1027 1113 1096 Heroclidem
1145 1028 1197 1095 his

172 1136 271 1205 rebus
288 1136 425 1223 studuit,
443 1135 697 1203 Eratosthenem
714 1135 796 1223 dico,
813 1156 881 1201 uon
892 1137 1005 1224 maior,
1022 1137 1079 1203 sed
1090 1137 1197 1203 minor

171 1244 237 1313 fuit
258 1243 406 1311 Euclide.
451 1244 608 1331 quoniam
635 1248 746 1309 tamen
771 1242 883 1309 eorum
910 1246 968 1330 qni
989 1265 1142 1311 nummos
1163 1248 1198 1309 et

171 1352 318 1420 rationes
334 1372 492 1419 sonorum
509 1352 660 1419 scribunt
677 1352 839 1419 wutrario
856 1351 955 1419 modo
972 1373 1086 1441 graves
1100 1371 1199 1419 senos

172 1459 229 1527 alii
256 1460 401 1549 magnis,
433 1459 490 1525 alii
516 1458 628 1544 porris
653 1458 798 1525 numeris
821 1462 952 1545 notent,
978 1459 1077 1525 etiem
1104 1478 1199 1544 quae·

173 1566 311 1635 rendum
343 1570 407 1653 est,
439 1565 569 1652 qnando
602 1586 676 1632 mos
703 1565 759 1632 ille
785 1570 930 1633 mutatus
957 1566 1014 1654 sit3
1044 1564 1199 1633 accedunt

173 1674 256 1741 alise
287 1696 341 1741 res
372 1674 409 1741 in
441 1674 562 1760 quibus
591 1675 717 1759 pariter
747 1675 832 1741 rotie
858 1674 988 1740 videndi
1015 1678 1049 1741 et
1074 1672 1199 1741 dicendi

174 1784 377 1849 commutate
398 1779 556 1847 videatur.
570 1816 614 1830 -
628 1802 668 1848 ac
690 1802 811 1857 canone
828 1781 885 1867 qui
903 1781 1086 1869 utetentnr,
1109 1781 1200 1848 tibiis

174 1888 226 1959 vel
253 1886 435 1957 acetabulis
462 1889 519 1975 qui
541 1889 686 1956 rationes
709 1889 968 1976 experiebantur,
994 1889 1099 1956 facere
1119 1909 1200 1955 nun·

177 2020 275 2085 quam
303 2000 485 2081 potuerunt
507 1996 588 2082 quin
609 1997 801 2084 grauissimo
825 1996 940 2082 cuique
962 2017 1041 2063 sono
1065 1997 1200 2063 ascribe

175 2110 248 2172 rent
276 2125 451 2171 numerum
483 2104 653 2190 maiorem3
684 2105 795 2190 itaque
825 2125 953 2170 neeesse
979 2104 1043 2170 fuit
1068 2102 1200 2170 Timaeo

174 2211 315 2298 Euclidi,
333 2209 506 2296 Thrasyllo
520 2209 709 2277 Ptolemaeo
724 2211 865 2278 tribuere
878 2211 1200 2297 proslambanomene

176 2341 350 2386 numerum
367 2319 556 2384 maximum.
587 2320 751 2385 tensiones
765 2319 957 2385 chordarum
970 2321 998 2385 si
1012 2320 1085 2406 quis
1098 2340 1202 2385 emen·

178 2449 233 2494 sus
255 2431 350 2514 esset,
373 2427 508 2492 isoerte
526 2426 755 2514 gravissimum
772 2448 888 2493 sonum
906 2432 1050 2494 notasset
1066 2428 1201 2493 minimo

177 2556 328 2621 nnmero3
356 2538 392 2600 at
418 2535 548 2619 quoties
576 2533 736 2620 eollopem
763 2536 816 2601 sel
843 2535 1035 2602 verticillum
1059 2536 1203 2602 circumi-

177 2647 283 2731 geret,
320 2642 395 2728 quis
428 2642 637 2708 numeravit?
692 2649 726 2709 et
757 2642 796 2709 de
827 2644 1023 2729 ponderibus
1054 2644 1203 2729 appensis

179 2751 235 2837 qui
256 2755 402 2836 narrant,
425 2751 450 2815 ii
472 2750 634 2815 neminem
658 2751 693 2816 id
716 2755 882 2836 expertum
905 2773 973 2818 esse
995 2751 1058 2837 ipsi
1075 2751 1203 2818 demon·

178 2862 299 2945 strent3
332 2880 406 2925 eum
439 2859 527 2923 enim
559 2858 713 2945 ignorent
745 2860 906 2925 tensiones
938 2859 1130 2926 chordarum
1156 2880 1204 2925 re-

179 2964 339 3050 spondere
364 2966 546 3052 ponderum
573 2968 718 3032 numeris
745 2968 957 3053 quadratis,
988 2967 1026 3032 de
1053 2966 1114 3033 hec
1139 2989 1205 3033 me·

179 3072 282 3138 tiendi
309 3074 436 3138 ratione
464 3073 603 3158 pessime
629 3074 736 3140 edocti
758 3079 842 3141 sunt.
887 3075 996 3160 potuit
1019 3079 1111 3140 vetus
1132 3097 1204 3141 mos

177 3181 371 3247 numerandi
393 3181 524 3267 mutari,
547 3202 587 3247 ex
611 3204 677 3268 quo
700 3204 835 3248 acumen
856 3204 1010 3249 senorum
1033 3182 1117 3249 effici
1135 3204 1205 3267 per·

181 3288 368 3354 cessionum
396 3290 562 3374 spissitate
589 3289 777 3375 philosophi
804 3294 1028 3378 cognoverunt.
1075 3295 1108 3357 et
1130 3294 1205 3357 ente

180 3393 363 3480 Archytam
390 3397 418 3462 si
446 3397 534 3483 quis,
564 3397 592 3463 si
620 3397 707 3462 forte
729 3396 885 3463 Eudoxus
909 3398 972 3463 hoc
994 3397 1205 3486 intellexerat,

181 3523 266 3590 nego
294 3524 369 3569 eum
396 3504 509 3570 statim
534 3504 727 3571 numerandi
749 3526 871 3571 morem
890 3506 1066 3574 invertisse.
1107 3508 1206 3575 etiam
