2466 3870
697 122 785 139 h·-

426 316 432 322 -
467 256 750 362 (1.1)1111111.
788 290 853 346 vac.
873 296 932 346 111.
965 329 971 335 .
1017 318 1023 324 -
1133 286 1209 341 xxv

149 477 155 486 ’
191 461 275 515 mata
301 455 412 531 priora
458 477 527 518 cum
549 462 651 517 tamen
677 459 708 514 iu
732 457 763 514 Μ
786 457 969 516 exstitissent
990 459 1123 516 veterum
1146 455 1208 514 dia-

193 547 394 623 grammatum
420 546 566 623 reliquiae
594 565 654 604 non
682 547 818 619 apertae,
849 563 923 620 quae
954 565 1013 621 quo
1041 546 1209 622 spectarent

194 633 332 693 librarius
364 635 538 714 ignorabat,
570 635 754 707 irrepserunt
785 632 840 690 hae
872 631 903 689 in
935 631 971 689 V.
1027 635 1085 694 huc
1116 632 1209 690 refero

195 742 330 783 numeros
354 741 371 797 ς
396 725 426 798 ιβ
448 723 486 781 κδ
510 721 562 796 qui
585 720 847 796 deprehenduntur
869 720 900 777 in
923 719 949 774 V
972 723 1004 777 et
1021 722 1068 796 W,
1091 742 1157 782 cum
1180 721 1210 777 in

198 811 225 870 Μ
243 831 321 873 nunc
339 811 417 870 erasi
431 810 494 868 sint
507 801 584 889 (not
599 809 638 867 ad
655 812 728 883 151,
742 803 782 891 3).
811 810 886 868 satis
903 809 995 867 etiam
1018 810 1095 868 clare
1115 812 1211 869 elucet

198 901 329 961 codicum
351 898 549 973 necessitudo,
571 897 622 956 ubi
646 899 859 973 comparavisti
882 898 1000 957 tabulas
1018 897 1123 973 Alypi3
1146 917 1208 958 eos·

200 990 262 1048 dem
280 988 360 1046 enim
382 1004 470 1046 sonos
489 987 636 1045 omittunt
653 979 705 1065 (ut
722 990 809 1044 neten
829 1004 892 1061 syn.
912 988 975 1045 toni
993 981 1209 1066 hyperphrygi)

200 1078 407 1154 signorumque
444 1075 556 1135 formas
593 1074 764 1148 exprimunt
795 1074 969 1133 simillimas¹
1030 1080 1064 1134 ut
1099 1075 1144 1151 psi
1181 1078 1212 1132 et

201 1163 367 1239 hemialpha
383 1166 523 1239 ,371,1e,
547 1163 598 1238 phi
622 1166 727 1221 cteta
751 1175 797 1236 19,
820 1162 990 1238 hemialpha
1010 1166 1083 1237 373,
1097 1174 1144 1237 32,
1168 1163 1210 1220 di·

202 1270 315 1329 gamma
340 1255 419 1327 374,
437 1263 463 1311 t.
514 1269 698 1328 quamquam
726 1256 858 1310 extrema
884 1252 970 1329 signa
997 1250 1064 1309 inde
1092 1270 1111 1309 a
1140 1256 1210 1311 tono

203 1341 375 1417 hypoaeolio
401 1341 434 1400 in
456 1359 564 1418 genere
587 1340 761 1400 enarmonio
785 1339 812 1395 V
835 1340 950 1398 omittit
971 1339 1124 1416 solumque
1148 1360 1210 1398 ver-

204 1428 302 1489 borum
327 1431 501 1489 contextum
524 1428 564 1487 ad
586 1428 731 1487 Marciani
754 1428 844 1486 finem
866 1428 1007 1503 perducit

264 1518 350 1588 Quod
364 1521 467 1576 autem
480 1535 559 1577 nunc
573 1515 770 1576 dadruvinV
780 1517 863 1594 legas
873 1510 923 1596 (ut
934 1517 1034 1590 1818.
1049 1510 1211 1598 183131),

204 1625 275 1666 nunc
292 1603 415 1665 ὑπατῶν
434 1598 485 1684 (ut
505 1606 640 1681 182,61
662 1607 735 1680 183,
749 1598 791 1686 3),
812 1608 845 1663 et
862 1605 991 1681 quodam
1009 1605 1074 1665 loco
1093 1602 1212 1664 ὑπάτῶν

204 1687 362 1776 (184,16),
384 1695 442 1754 hoc
464 1693 625 1753 admodum
645 1694 762 1752 mireris
780 1713 834 1753 nec
854 1712 973 1753 causam
991 1694 1133 1767 invenias,
1156 1694 1212 1752 nisi

204 1784 359 1859 inspexeris
395 1783 459 1842 cod
491 1782 530 1840 M.
586 1782 628 1841 ibi
665 1785 766 1841 autem
803 1801 869 1842 cum
909 1782 947 1840 ab
987 1781 1073 1842 initio
1109 1782 1214 1840 fuisset

127 1917 132 1926 .
205 1876 415 1948 parorytonon,
437 1873 544 1948 postea
564 1874 714 1930 mutatum
733 1875 811 1930 esset
829 1873 859 1929 in
878 1872 1111 1946 perispomenon,
1134 1871 1212 1946 quod

205 1980 316 2036 quoque
349 1960 415 2019 loco
447 1960 547 2018 valere
581 1960 750 2034 videbatur,
784 1961 814 2018 id
847 1960 873 2015 V
905 1960 1031 2018 fideliter
1062 1961 1212 2035 expressit,

206 2050 289 2108 semel
322 2049 415 2107 etiarn
442 2049 518 2108 duos
545 2052 634 2107 tonos
661 2050 780 2125 recepit
831 2049 899 2107 hinc
926 2069 984 2107 non
1013 2049 1107 2107 solum
1134 2049 1210 2107 unde

206 2143 288 2196 natus
316 2138 357 2195 sit
384 2136 411 2192 V
439 2137 518 2196 clare
547 2138 781 2211 demonstratur,
811 2138 903 2196 etiam
930 2142 1043 2213 quanta
1069 2138 1210 2215 religione

206 2226 346 2302 quidquid
372 2225 530 2285 invenerat
552 2225 692 2285 librarius
715 2227 961 2302 transscripserit,
984 2227 1141 2285 manifesto
1165 2226 1212 2284 de·

206 2316 339 2374 claratur.
384 2334 422 2372 en
444 2314 555 2374 codicis
578 2314 609 2373 Μ
632 2316 728 2390 testis,
751 2335 809 2392 quo
834 2315 1011 2390 locupletior
1033 2316 1079 2373 vel
1103 2315 1213 2374 firmior

205 2404 326 2482 cogitari
354 2422 414 2463 non
438 2404 546 2479 possiti
588 2408 620 2462 et
641 2404 798 2463 verborum
821 2405 852 2463 in
876 2405 905 2462 Μ
929 2407 1124 2464 correctorum
1147 2424 1212 2463 cum

206 2511 270 2567 pars
292 2493 390 2558 altera
413 2510 432 2549 a
455 2491 481 2546 V
505 2496 687 2569 agnoscatur
710 2494 806 2550 altera
828 2494 993 2570 ignoretur,
1016 2497 1128 2550 veteres
1152 2510 1212 2550 esse

205 2581 270 2640 illas
292 2581 491 2641 correctiones
515 2573 599 2661 (Μῖ),
621 2581 676 2640 has
699 2584 831 2640 recentes
855 2573 914 2661 (Μ8
928 2575 985 2661 114)
1011 2585 1146 2656 apertum
1169 2584 1214 2639 est

205 2673 234 2728 et
250 2669 442 2729 luculentum.
479 2669 511 2727 in
531 2667 700 2728 Gaudentio
720 2672 820 2729 autem
839 2689 905 2729 cum
923 2673 1060 2728 accentus
1079 2669 1213 2728 vocabuli

205 2755 321 2818 ὑπάτων
348 2777 409 2818 non
436 2757 534 2836 magis
561 2757 629 2816 sibi
646 2763 764 2818 constet
786 2778 875 2834 quam
899 2759 928 2816 in
953 2759 1084 2818 Euclidis
1107 2758 1214 2817 libellis

207 2840 443 2923 (13311111
467 2847 627 2907 adnotavit
649 2847 733 2906 Stud.
758 2846 845 2906 scribi
869 2845 987 2906 ὑπάτων
1010 2848 1097 2923 idque
1119 2848 1213 2924 repeti

206 2955 299 3013 saepe,
323 2938 441 3012 pala,
459 2947 491 2996 18
515 2938 616 2994 autem
639 2941 671 2994 et
695 2939 804 3010 352,o
827 2941 858 2994 et
882 2939 988 3008 353,s
1013 2940 1098 2994 notat
1120 2936 1214 2994 diver-

206 3044 268 3084 sum
300 3028 455 3084 accentum
488 3018 637 3106 ὖπατῶν),
669 3025 746 3084 hanc
776 3043 892 3100 quoquc
920 3030 1035 3099 partem
1063 3025 1215 3083 librarium

206 3115 343 3190 petivisse
367 3113 599 3172 existimaverim
627 3135 642 3172 e
667 3114 819 3173 Marciano
842 3114 909 3186 illo,
931 3115 981 3189 qui
1005 3114 1076 3172 olim
1100 3115 1215 3172 videtur

206 3203 294 3261 fuisse
317 3202 440 3278 plenior.

271 3292 408 3350 Redeunt
420 3293 523 3349 autem
536 3291 640 3351 eodem
655 3292 685 3349 in
700 3292 798 3350 codice
814 3291 881 3348 inde
896 3291 1051 3351 1111397
1068 3295 1136 3367 post
1146 3293 1215 3350 Dio·

207 3381 311 3456 phanti
334 3379 502 3438 doctrinam
522 3380 655 3439 Euclidis
679 3381 724 3438 illi
744 3381 795 3456 qui
815 3380 949 3438 feruntur
967 3379 1059 3438 libelli
1080 3373 1214 3460 (isagoge

207 3472 239 3526 et
255 3462 364 3550 canon)
387 3488 423 3526 ex
442 3469 503 3527 alio
522 3473 623 3527 autem
642 3469 725 3527 fonte
744 3469 851 3527 hausti.
884 3470 959 3528 hanc
978 3473 1092 3544 partem
1112 3469 1215 3528 Stude-

208 3558 297 3615 mund
319 3577 378 3616 non
401 3558 540 3633 excussit,
562 3563 598 3616 ut
620 3559 677 3616 nisi
697 3559 801 3616 Franci
826 3558 946 3616 schedas
967 3558 1163 3617 adhibuissem
1187 3563 1217 3617 et

208 3645 364 3724 diligenter
387 3647 612 3722 examinassem,
635 3648 788 3725 neglectae
812 3647 906 3706 adhuc
930 3648 1059 3706 iacerent
1078 3648 1216 3708 lectiones
